5559 7392
1269 945 1569 1053 Neque
1604 970 1800 1024 vero
1838 940 2654 1051 praetermittendum
2692 968 2878 1022 esse

1116 1135 1420 1190 censeo
1488 1108 1567 1188 in
1628 1106 2133 1189 Kalendario
2200 1106 2498 1188 festum
2563 1107 2879 1186 Resur-

1044 1372 1055 1383 ,
1116 1273 1500 1355 rectionis
1565 1273 1910 1354 Domini
1979 1299 2128 1354 seu
2193 1272 2513 1354 Pascha
2582 1272 2687 1353 ad
2753 1272 2878 1352 vi-

1113 1439 1531 1548 gesimum
1599 1439 2046 1548 septimum
2114 1438 2384 1519 Martii
2463 1437 2681 1518 diem
2750 1464 2876 1518 re-

1117 1603 1319 1685 ferri.
1418 1603 1674 1710 Quod
1748 1630 1937 1685 cum
2004 1604 2305 1684 festum
2373 1603 2477 1684 sit
2541 1601 2873 1697 mobile,

1115 1782 1197 1850 et
1259 1781 1536 1849 tamen
1604 1796 1653 1849 a
1717 1767 1985 1849 scriba
2049 1767 2356 1850 codicis
2421 1780 2645 1849 certo
2718 1766 2877 1848 diei

1114 1932 1646 2029 adscribatur,
1703 1918 2356 2015 consentaneum
2405 1932 2598 2015 mihi
2644 1932 2877 2014 vide-

1114 2110 1246 2179 tur
1292 2098 1719 2193 affirmare,
1776 2110 1919 2180 aut
1970 2098 2109 2179 illo
2166 2098 2347 2207 ipso
2395 2125 2564 2207 quo
2612 2097 2878 2178 codex

1113 2262 1467 2372 scriptus
1531 2263 1654 2359 sit,
1721 2276 1864 2344 aut
1926 2275 2145 2344 certe
2210 2262 2594 2371 proximo
2653 2290 2877 2344 anno

1114 2427 1413 2508 festum
1480 2428 1850 2509 Paschae
1926 2427 2005 2508 in
2083 2427 2301 2509 diem
2372 2428 2876 2538 vigesimum

1113 2592 1559 2702 septimum
1647 2594 1916 2676 Martii
2001 2593 2416 2676 cecidisse.
2548 2595 2720 2674 Iam
2809 2594 2876 2676 si

1113 2756 1391 2852 libros,
1449 2756 1753 2865 quibus
1806 2758 1982 2839 dies
2035 2759 2405 2840 Paschae
2455 2785 2603 2868 per
2648 2759 2879 2840 varia

1112 2921 1446 3003 saecula
1499 2921 2109 3015 determinatur,
2175 2923 2706 3005 consulturus
2760 2950 2874 3019 65,

1112 3115 1213 3169 ex
1260 3087 1652 3169 omnibus
1698 3088 1989 3184 disces
2040 3088 2360 3197 opinor,
2418 3088 2646 3169 initio
2693 3114 2877 3169 sae-

3089 941 3246 1022 culi
3316 940 3609 1023 decimi
3675 941 3933 1050 quinti
3994 940 4403 1022 Pascham
4474 942 4600 1023 bis
4669 955 4851 1024 tan-

3047 1120 3265 1187 ·tum
3332 1106 3439 1188 ad
3505 1106 4008 1216 vigesimum
4073 1106 4519 1215 septimum
4579 1107 4850 1189 Martii

3090 1271 3311 1352 diem
3364 1271 3809 1381 quadrare:
3865 1300 4088 1353 anno
4143 1272 4447 1354 scilicet
4497 1294 4850 1357 MCDVII

3088 1449 3338 1545 atque
3382 1464 3605 1518 anno
3651 1458 4139 1521 MCDXVIII.
4225 1437 4650 1542 Quoniam
4705 1464 4851 1519 ve-

3089 1629 3206 1698 ro,
3275 1614 3364 1682 ut
3426 1629 3680 1710 supra
3744 1601 3929 1695 dixi,
3999 1601 4175 1711 ipse
4242 1603 4617 1684 Hervoia
4681 1603 4850 1685 dux

3087 1794 3311 1848 anno
3407 1787 3767 1850 MCDXV
3859 1779 4238 1848 mortuus
4334 1780 4480 1864 est,
4579 1795 4850 1877 neque

3089 1931 3422 2041 probari
3475 1944 3754 2040 potest
3813 1931 4186 2013 codicem
4255 1945 4634 2014 nostrum
4687 1933 4851 2014 alio

3089 2110 3490 2206 tempore,
3565 2123 3816 2205 quam
3881 2096 4081 2178 vivo
4146 2097 4378 2194 duce,
4455 2098 4849 2207 scriptum

3089 2289 3305 2358 esse,
3401 2260 3747 2343 dubium
3840 2289 4009 2342 non
4096 2276 4251 2359 est,
4346 2262 4544 2372 quin
4627 2263 4853 2372 prior

3089 2454 3359 2508 annus
3456 2426 4043 2535 praeferendus
4137 2427 4259 2508 sit.
4403 2430 4688 2537 Itaque
4783 2429 4850 2510 si

3091 2590 3565 2673 Kalendarii
3641 2591 3897 2672 nostri
3972 2591 4401 2673 adnotatio
4476 2593 4850 2674 Paschae

3088 2756 3543 2866 quidquam
3596 2752 3968 2863 valeat,*)
4035 2756 4424 2866 equidem
4477 2757 4850 2839 codicem

3087 2949 3311 3003 anno
3355 2942 3704 3007 MCDVII
3750 2921 4218 3003 consectum
4266 2949 4453 3004 esse
4505 2934 4850 3004 conten-

3091 3087 3371 3168 derim.

2668 3546 3082 3628 CAPUT
3148 3547 3290 3627 VI.

2041 3767 2822 3883 Argumentum
2867 3767 3218 3907 ⁸partis
3290 3768 3914 3881 posterioris.

1263 4042 1552 4124 Altera
1644 4068 1837 4151 pars
1932 4041 2263 4138 codiciS,
2361 4068 2576 4150 quae
2666 4043 2873 4122 Pro-

1110 4206 1380 4316 prium
1451 4207 1889 4289 missarum
1956 4207 2058 4289 de
2116 4207 2445 4289 Sanctis
2509 4206 2874 4316 amplec-

1112 4372 1325 4468 titur,
1393 4372 1686 4453 eadem
1746 4371 1990 4482 plane
2054 4372 2577 4482 singulorum
2641 4398 2874 4453 men-

1113 4538 1328 4619 sium
1378 4537 1586 4620 sesta
1630 4538 1983 4635 exhibet,
2038 4565 2134 4619 ac
2179 4537 2522 4620 Missale
2574 4537 2875 4618 vindo-

1114 4701 1492 4784 bonense
1595 4702 2048 4813 glagolitae
2154 4702 2550 4801 Novakii,
2659 4728 2875 4811 quae

1115 4867 1337 4948 haud
1410 4867 1583 4948 scio
1656 4895 1761 4948 an
1838 4893 2144 4976 operae
2225 4868 2580 4977 pretium
2659 4867 2875 4948 futu·

1116 5059 1298 5113 rum
1363 5031 1487 5128 sit,
1554 5032 2032 5142 singillatim
2100 5060 2607 5115 enumerare.
2693 5034 2876 5142 Ag-

1117 5223 1308 5279 men
1373 5197 1594 5279 ducit
1657 5199 1736 5279 in
1800 5224 2089 5279 mense
2161 5197 2689 5280 Novembri
2752 5199 2877 5279 vi-

1287 5488 1343 5569 *)
1407 5488 1747 5551 Consulto
1801 5489 1939 5551 hoc
1994 5498 2152 5551 utor
2209 5492 2454 5571 verb0,
2513 5490 2679 5570 quia
2736 5509 2876 5551 non

1116 5630 1225 5671 me
1294 5608 1479 5692 fugit
1549 5610 1619 5672 in
1683 5610 2048 5673 veteribus
2117 5610 2648 5693 martyrologiis
2718 5631 2878 5692 per-

1044 5750 1057 5767 “
1116 5752 1335 5812 saepe
1406 5700 2078 5813 „Resurrectionem
2134 5731 2457 5795 Domini“
2529 5734 2619 5794 ad
2679 5751 2757 5811 27
2811 5736 2873 5795 d.

1118 5854 1378 5935 Martii,
1422 5855 1697 5916 duobus
1741 5855 1990 5916 diebus
2034 5863 2196 5934 post
2228 5854 2876 5918 Annunciationem

1117 5975 1188 6038 S.
1238 5976 1533 6051 Mariae,
1601 5996 1785 6057 quae
1852 5996 1928 6055 25
1990 5975 2229 6038 Martii
2286 5977 2706 6057 celebratur,
2768 5998 2877 6040 re-

1116 6096 1304 6160 ferri.
1390 6096 1549 6178 Qua
1611 6098 1699 6160 de
1762 6117 1837 6160 re
1902 6098 2170 6160 videsis
2234 6097 2566 6162 Gerberti
2630 6099 2879 6160 Monu-

3084 4041 3281 4151 gilia
3333 4042 3591 4123 sancti
3637 4042 4051 4139 Andreae,
4109 4070 4324 4152 quae
4380 4044 4542 4124 iam
4597 4072 4851 4154 supra

3088 4219 3372 4289 notata
3415 4220 3580 4304 est;
3637 4207 3937 4289 deinde
3983 4230 4073 4292 ΙΙ.
4134 4194 4289 4289 (Tro
4337 4206 4852 4317 Oaroffifflnna

3083 4361 3439 4457 ivi—sinim:
3552 4373 3836 4455 Sancti
3943 4374 4363 4456 Saturnini
4469 4376 4851 4486 martyris

3104 4561 3267 4640 149
3301 4566 3369 4619 a.
3470 4538 3902 4648 Sequitur:
3967 4540 4037 4621 B
4103 4527 4246 4621 effu
4310 4525 4455 4631 affl,
4519 4535 4851 4645 Ampffiz

3086 4691 3391 4815 ziiffi(a):
3483 4703 3757 4813 ipsum
3853 4731 3917 4786 s.
4003 4705 4442 4788 Andreae·
4490 4705 4849 4815 apostoli

3089 4868 3391 4950 festum
3472 4892 3635 4971 149
3669 4896 3733 4950 c.
3799 4918 3923 4928 —
3992 4872 4248 4952 Festa
4319 4883 4598 4952 autem
4667 4872 4851 4952 De-

3089 5031 3502 5115 cembris
3547 5033 3750 5115 haec
3793 5047 4025 5118 sunt:
4088 5022 4457 5143 ,lIeiz-T6pa
4492 5056 4634 5118 VI:
4679 5035 4850 5116 Hu-

3089 5228 3334 5306 Royan
3419 5208 4016 5293 nellolss'lxjfflmia:
4109 5200 4432 5282 Nicolai
4526 5200 4851 5283 confes-

3087 5498 3330 5551 menta
3396 5489 3663 5552 veteris
3739 5489 4074 5572 liturgiae
4143 5491 4659 5570 alemannicae,
4740 5492 4847 5553 ed.

3090 5630 3275 5672 anno
3317 5629 3500 5689 1777,
3536 5611 3585 5674 I.
3630 5631 3776 5691 459,
3819 5629 3967 5690 472,
4009 5616 4156 5691 485,
4199 5635 4345 5691 494.
4405 5612 4658 5693 Itaque
4696 5610 4850 5675 fieri

3088 5733 3346 5813 potuit,
3412 5742 3489 5795 ut
3557 5733 3772 5795 etiam
3838 5743 4076 5797 noster
4142 5735 4404 5816 codex,
4470 5735 4851 5797 auctorita-

3087 5866 3232 5917 tem
3277 5864 3598 5918 veterum
3653 5854 3990 5916 librorum
4047 5856 4686 5936 manuscriptorum
4743 5877 4851 5918 se-

3091 5987 3313 6057 cutuS,
3359 5977 3544 6038 diem
3585 5977 4124 6039 resurrectionis
4168 5997 4306 6039 non
4352 5978 4442 6039 ad
4485 5998 4684 6039 suum
4729 5997 4850 6039 an-

3090 6119 3254 6161 num
3300 6097 3621 6180 referret,
3677 6099 3804 6158 sed
3853 6119 3981 6178 pro
4029 6099 4238 6162 solito
4285 6119 4480 6161 more
4527 6110 4847 6180 poneret.
