5559 7392
687 998 1077 1080 campum
1172 970 1800 1079 depingendum
1895 984 2230 1053 exarata
2322 972 2448 1054 su-

688 1138 850 1218 isse
909 1149 990 1217 et
1046 1136 1515 1246 depictione
1581 1137 1913 1218 obtecta
1977 1165 2184 1219 esse.
2274 1139 2448 1220 Sed

687 1303 911 1384 aliud
1009 1315 1156 1400 est,
1267 1302 1496 1412 quod
1605 1303 2157 1412 premendum
2264 1288 2451 1386 esse

687 1468 1036 1549 videtur.
1158 1469 1439 1550 Lineis
1534 1469 1802 1578 primo
1899 1470 2449 1552 instrumento

688 1647 934 1716 acuto
1019 1635 1247 1716 nullo
1333 1635 1617 1716 colore
1698 1635 2071 1745 tingente
2147 1637 2450 1717 cursim

688 1801 977 1897 ductis,
1046 1801 1348 1882 deinde
1412 1801 1603 1882 stilo
1667 1815 2069 1911 argenteo
2137 1830 2454 1885 correc-

691 1967 792 2049 tis
869 1967 947 2047 in
1029 1967 1410 2049 inferiore
1476 1967 1645 2048 folii
1715 1969 2089 2078 margine
2157 1968 2447 2051 iterum

691 2133 890 2214 illud
972 2134 1394 2214 Iohannes
1455 2134 1981 2241 euangelista
2053 2135 2450 2244 scriptum

688 2311 834 2380 est.
968 2299 1224 2405 Quod
1320 2299 1387 2381 si
1486 2300 1966 2409 diligentius
2063 2302 2450 2411 inquiras,

689 2465 911 2546 illam
1027 2465 1685 2548 vicissitudinem
1808 2468 2062 2577 paulo
2180 2469 2452 2549 mino-

689 2632 798 2712 ris
883 2646 964 2713 et
1046 2632 1576 2713 accuratioris
1663 2633 2140 2742 scripturae,
2238 2661 2453 2743 quae

687 2799 767 2879 in
854 2798 1230 2907 margine
1324 2799 1781 2908 imaginum
1875 2799 2241 2909 ipsarum
2326 2825 2453 2881 re-

688 2966 996 3075 peritur
1068 2980 1149 3047 et
1223 2966 1636 3047 interdum
1711 2966 1990 3075 aliqua
2054 2994 2156 3048 ex
2222 2979 2452 3076 parte

686 3132 1002 3242 pictura
1055 3133 1496 3241 obtegitur,
1557 3146 1638 3215 et
1693 3134 1945 3242 paulo
2005 3133 2454 3243 neglectio-

687 3326 871 3380 rum
956 3300 1360 3381 linearum
1446 3300 1524 3380 in
1610 3299 2149 3381 membranae
2235 3327 2452 3380 mar-

687 3464 881 3574 gine
964 3492 1573 3574 saepenumero
1648 3465 1882 3546 facile
1959 3492 2449 3575 cognoscas,

689 3632 931 3736 Quae
1014 3658 1145 3712 res
1229 3631 1338 3711 ita
1422 3631 1805 3741 explicari
1892 3658 2146 3741 posse
2224 3632 2454 3713 vide-

688 3811 838 3877 tur.
951 3797 1271 3878 Artifex
1346 3798 1567 3878 enim
1643 3798 1873 3879 initio
1948 3798 2258 3879 codicis
2323 3825 2451 3879 ar-

684 3977 1178 4073 gumentum
1287 3964 1747 4073 imaginum
1850 3964 2453 4074 explicantibus

686 4131 1326 4240 ascriptionibus
1436 4131 1735 4227 latinis,
1854 4158 2070 4241 quae
2179 4158 2455 4239 penna

687 4297 1118 4406 scriptoria
1208 4309 1441 4379 erant
1530 4309 1935 4394 exaratae,
2030 4323 2454 4405 exponere

687 4474 1039 4543 conatus
1145 4475 1290 4543 est.
1421 4463 1711 4571 Itaque
1816 4463 1897 4543 in
2002 4461 2453 4572 pancharta

688 4654 903 4736 quae
969 4626 1264 4708 dicitur
1326 4626 1927 4736 semiimaginis
1992 4654 2179 4736 pag.
2243 4648 2339 4731 17
2398 4656 2452 4707 v

688 4793 905 4874 belle
1026 4793 1630 4902 diligenterque
1753 4792 2151 4902 scriptum
2275 4804 2449 4873 est:

685 4976 1106 5042 ISAIAS-
1152 4979 1237 5040 P·
1348 4957 1570 5037 Nam
1646 4957 1929 5038 omnia
2001 4956 2451 5067 propheta-

688 5151 870 5205 rum
948 5136 1029 5205 et
1101 5136 1582 5205 sanctorum
1651 5122 2011 5219 nomina,
2091 5150 2450 5232 quorum

686 5290 1039 5399 primam
1157 5286 1743 5396 ascriptionem
1864 5288 2180 5397 pictura
2300 5315 2452 5369 sua

687 5454 1142 5565 cooperuit,
1247 5455 1653 5535 memoria
1746 5454 2099 5536 retinere
2197 5481 2450 5563 posse

685 5622 839 5704 sibi
907 5622 1140 5702 visus
1206 5648 1376 5701 non
1445 5634 1611 5718 est;
1696 5648 1863 5729 qua
1926 5645 2014 5701 re
2081 5618 2445 5714 nomina,

688 5787 889 5868 dum
966 5787 1377 5897 imagines
1461 5786 1991 5895 depingebat,
2078 5812 2268 5866 cum
2354 5786 2449 5866 iis

688 5953 914 6050 locis,
993 5955 1297 6063 quibus
1372 5980 1504 6033 res
1581 5952 1654 6033 ei
1721 5951 1975 6032 dubia
2040 5978 2227 6032 esse
2292 5977 2447 6059 po-

687 6119 858 6213 tuit,
935 6132 1109 6201 tum
1189 6118 1628 6228 praecipue
1701 6117 1925 6227 apud
2003 6116 2448 6225 scriptores

2495 729 2633 796 109
2743 751 2846 760 —

2661 973 2975 1082 antiqui
3053 973 3422 1081 novique
3495 972 3992 1069 testamenti,
4071 999 4430 1080 quorum

2663 1138 3004 1248 quidem
3119 1138 3432 1246 figuras
3535 1137 3745 1219 inter
3834 1164 3926 1218 se
4017 1137 4185 1218 fere
4286 1164 4431 1245 pa-

2663 1332 2798 1386 res
2884 1317 2965 1386 et
3045 1304 3357 1384 similes
3450 1302 3821 1400 faciebat,
3919 1302 4214 1383 iterum
4298 1329 4431 1383 ce-

2664 1470 2806 1552 leri
2904 1496 3155 1550 manu
3262 1469 3341 1549 in
3443 1468 3819 1578 margine
3920 1468 4230 1578 posuit,
4346 1481 4435 1549 ut

2663 1649 2856 1717 ante
2938 1636 3233 1717 oculos
3316 1634 3677 1731 haberet,
3763 1661 3953 1716 cum
4028 1633 4431 1744 panchar-

2662 1814 2790 1883 tas
2895 1790 3289 1911 ⁴explebat
3408 1802 3540 1882 vel
3653 1801 3858 1882 alias
3970 1800 4432 1909 inscriptio-

2666 1995 2815 2049 nes
2878 1967 3126 2065 libris,
3195 1995 3411 2077 quos
3477 1967 3585 2047 illi
3644 1968 3795 2048 viri
3862 1966 4248 2047 manibus
4312 1978 4433 2047 te-

2666 2146 2887 2232 nent,
2986 2133 3424 2215 inserebat.
3552 2133 3808 2241 Quod
3906 2131 4433 2242 propositum

2664 2301 2826 2382 hoc
2899 2328 3069 2382 uno
3144 2312 3467 2382 tantum
3544 2299 3732 2381 loco
3809 2298 4166 2408 perfecit,
4253 2298 4434 2378 sive

2664 2467 2932 2576 pictor
3028 2481 3221 2576 post
3316 2467 3696 2548 defessus
3793 2465 3971 2546 sive
4067 2462 4217 2544 has
4311 2464 4434 2544 in-

2666 2632 3161 2742 scriptiones
3246 2632 3542 2713 latinas
3626 2642 3715 2712 ut
3796 2630 4051 2712 textui
4128 2630 4432 2739 glago-

2668 2798 2888 2880 litico
2965 2798 3183 2879 male
3247 2811 3489 2907 aptas
3561 2797 3828 2878 facere
3904 2796 4209 2878 vetitus
4285 2807 4430 2892 est,

2668 2964 2746 3044 id
2825 2964 3054 3072 quod
3130 2990 3334 3044 vero
3413 2964 3689 3044 minus
3765 2961 4015 3042 habet
4073 2962 4245 3042 veri
4322 2961 4433 3042 si-

2667 3129 3170 3225 militudinis,
3232 3156 3422 3210 cum
3479 3155 3790 3238 magna
3846 3127 4294 3236 pancharta
4351 3127 4432 3207 in

2670 3296 3094 3378 Hervoiae
3169 3296 3403 3377 ducis
3486 3294 3787 3404 insigni
3874 3293 4212 3373 latinam
4290 3319 4432 3373 ex-

2665 3461 2944 3544 hibeat
3009 3459 3651 3570 inscriptionem.

2825 3629 2991 3708 Ars
3075 3626 3257 3736 ipsa
3340 3626 3700 3707 maxime
3783 3625 4020 3705 firma
4102 3636 4228 3705 est
4309 3636 4432 3705 at-

2667 3819 2831 3901 que
2946 3791 3237 3873 solida.
3381 3791 3742 3873 Litterae
3859 3789 4434 3899 imaginesque

2665 3957 3120 4066 aequaliter
3235 3984 3533 4038 omnes
3650 3955 4025 4037 eiusdem
4132 3979 4433 4033 manus

2666 4123 3115 4233 pigmentis
3173 4149 3388 4232 quae
3441 4134 3847 4203 vocantur
3903 4120 4188 4230 opacis
4245 4146 4437 4200 con-

2667 4290 2928 4372 fectae
2993 4301 3209 4385 sunt,
3286 4289 3425 4397 qui
3493 4287 3830 4397 quidem
3898 4286 4226 4367 colores
4293 4311 4432 4365 ex-

2666 4456 2967 4565 emptis
3032 4453 3318 4564 paucis
3384 4453 3612 4550 locis,
3682 4451 3985 4561 quibus
4052 4450 4436 4560 segmina

2664 4621 2890 4731 passi
2997 4620 3425 4701 remittunt
3530 4618 3662 4699 vel
3780 4618 4134 4698 humore
4251 4641 4434 4695 cor-

3973 4782 4183 4892 rupti
4222 4794 4436 4878 sunt,

3835 5018 3871 5050 ,Η
3921 4953 3922 4961 '
3973 4948 4279 5057 ubique
4320 4947 4439 5027 in-

3580 5134 3596 5161 *
3684 5213 3703 5241 Α
3772 5152 3775 5166 ·
3867 5070 3923 5180 ‚⁸
3976 5114 4184 5223 tegri
4239 5140 4439 5193 con-

3742 5275 3759 5285 ”
3978 5278 4435 5361 servaban-

3644 5472 3647 5482 ·
3730 5477 3756 5533 ῑ,
3859 5424 3860 5429 ¹
3981 5459 4131 5525 tur.
4254 5444 4433 5523 Au-

3724 5572 3735 5581 ·
3820 5706 3822 5717 s
3912 5619 3913 5622 ‘
3980 5636 4162 5690 rum
4225 5636 4433 5717 quo-

3708 5741 3745 5769 d
3811 5809 3911 5839 ·‘
3981 5802 4143 5884 que
4327 5772 4433 5852 ad

3926 6033 3927 6037 Ν
4048 5938 4385 6048 plenius-

3973 6103 4440 6186 ornandum

3210 6769 3325 6828 Fig.
3351 6764 3429 6829 37.
