5559 7392
2820 650 3334 734 —96—

1209 913 1288 993 in
1345 910 1772 993 codicibus
1825 910 2132 992 saeculi
2182 909 2479 991 decimi
2529 908 2798 1018 quarti
2844 935 2970 989 re-

1206 1079 1648 1188 periuntur,
1695 1089 1785 1159 ut
1829 1077 1908 1157 in
1957 1075 2399 1158 notissimo
2445 1073 2732 1156 codice
2768 1075 2979 1155 Cor-

1208 1245 1545 1326 viniano
1646 1243 2010 1324 Divinae
2108 1241 2650 1337 Comoediae,
2757 1268 2978 1322 nunc

1208 1411 1544 1520 quidem
1642 1409 1723 1491 in
1819 1408 2322 1491 bibliotheca
2414 1406 2977 1489 universitatis

1205 1577 1592 1659 Pestinae
1697 1574 2145 1657 adservato
2263 1585 2705 1684 praecepta
2809 1572 2977 1654 fere

1209 1742 1514 1839 omnia,
1581 1768 1772 1823 cum
1829 1741 2158 1822 colores
2216 1753 2513 1822 tenues
2568 1753 2650 1822 et
2706 1739 2976 1848 pellu-

1206 1908 1364 1990 cidi
1439 1908 1623 2004 sint,
1709 1907 1867 1989 sub
1935 1906 2461 2017 imaginibus,
2546 1933 2756 2015 quas
2825 1905 2977 1986 mi-

1208 2102 1392 2156 rum
1453 2075 1531 2155 in
1591 2073 1942 2155 modum
2000 2073 2490 2168 deformant,
2558 2071 2720 2182 legi
2775 2097 2975 2181 pos-

1209 2253 1422 2321 sunt.
1540 2240 1759 2320 Cum
1842 2250 2125 2320 autem
2209 2238 2519 2320 codicis
2613 2237 2719 2319 de
2804 2264 2974 2346 quo

1209 2431 1487 2487 sermo
1564 2417 1691 2486 est
1762 2417 2205 2514 praecepta
2275 2404 2755 2514 glagolitica
2821 2404 2975 2485 lin-

1207 2597 1380 2681 gua
1442 2571 1607 2652 sint
1670 2570 2168 2680 conscripta,
2248 2570 2440 2652 inde
2506 2570 2738 2651 facile
2804 2569 2974 2651 col-

1211 2737 1490 2848 ligitur
1573 2737 1995 2819 librarium
2089 2764 2473 2846 sperasse
2573 2736 2974 2846 pictorem

1212 2904 1589 2986 eiusdem
1667 2903 2025 2985 nationis
2099 2930 2317 3011 opus
2391 2915 2974 3011 suscepturum

1211 3094 1399 3150 esse
1479 3068 1615 3150 vel
1699 3068 1994 3151 saltem
2076 3068 2352 3166 talem,
2445 3068 2585 3177 qui
2678 3066 2975 3149 eadem

1212 3233 1498 3345 lingua
1572 3261 1777 3316 usus
1852 3233 2050 3344 quid
2127 3234 2306 3343 ipse
2371 3233 2781 3316 voluisset
2856 3233 2976 3313 in-

1213 3400 1668 3511 tellegeret.

1364 3567 1643 3649 Butko
1710 3567 2089 3649 librarius
2154 3568 2259 3650 de
2323 3567 2771 3648 artificioso
2839 3593 2981 3648 co-

1214 3731 1418 3813 dicis
1464 3744 1760 3813 ornatu
1801 3732 2116 3841 optime
2163 3732 2502 3813 meritus
2542 3744 2687 3814 est.
2755 3731 2977 3813 Nam

1216 3924 1386 3979 non
1469 3925 1744 3979 rerum
1827 3925 2042 4007 quae
2116 3896 2766 4019 depingerentur
2838 3925 2979 3980 so-

1215 4063 1387 4144 lum
1486 4062 2079 4174 eligendarum,
2178 4063 2325 4145 sed
2418 4077 2595 4145 arte
2691 4063 2980 4145 distin-

1214 4228 1740 4339 guendarum
1794 4242 2085 4311 auctor
2140 4229 2289 4311 fuit
2343 4229 2710 4339 elegans.
2813 4229 2981 4310 Lit-

1215 4405 1434 4475 teras
1529 4393 1900 4491 initiales,
1997 4421 2099 4475 ex
2188 4393 2493 4503 quibus
2584 4395 2981 4503 quadrin-

1215 4571 1518 4669 gentae
1575 4558 2048 4669 quindecim
2094 4586 2405 4668 magna
2457 4559 2983 4642 dimensione

1216 4724 1641 4835 ubereque
1717 4736 1913 4806 sunt
1986 4736 2306 4822 ornatu,
2395 4751 2548 4806 nec
2620 4753 2792 4806 non
2868 4725 2987 4805 in-

1215 4903 1555 5000 gentem
1630 4890 1959 5000 copiam
2029 4892 2469 4989 minorum,
2546 4918 2763 5000 quae
2840 4919 2981 4973 co-

1219 5056 1421 5138 dicis
1496 5056 1897 5167 scriptura
1970 5057 2235 5139 altero
2311 5070 2545 5139 tanto
2622 5059 2984 5140 maiores

1219 5237 1434 5321 sunt,
1512 5223 1734 5305 haud
1812 5224 1991 5306 sine
2055 5252 2307 5306 verae
2382 5225 2578 5307 artis
2642 5237 2982 5337 gustatu

1221 5388 1633 5472 distribuit
1714 5389 1973 5471 modo
2057 5391 2638 5472 coacervando
2722 5392 2983 5473 modo

1222 5556 1483 5638 rarius
1570 5557 1993 5665 ponendO,
2085 5557 2335 5668 idque
2428 5571 2605 5640 tum
2703 5558 2985 5667 impri-

1224 5722 1403 5819 mis,
1471 5749 1659 5804 cum
1719 5723 2128 5833 imagines
2192 5723 2753 5822 intercedunt;
2822 5751 2988 5834 qua

1224 5889 1304 5970 in
1380 5888 1846 5971 adornandi
1930 5890 2250 5972 ratione
2333 5902 2609 5973 textus
2692 5891 2989 5972 articu-

1225 6056 1497 6137 lorum
1581 6056 1714 6137 vel
1801 6056 2164 6166 capitum
2241 6056 2772 6166 quorundam
2858 6082 2987 6137 re-

3189 921 3569 1017 spectum
3671 937 4016 1019 prorsus
4115 936 4286 990 non
4384 908 4714 1010 habuit;
4814 937 4957 991 ne-

3189 1101 3353 1185 que
3420 1074 3640 1157 enim
3709 1075 3787 1156 in
3847 1075 4115 1157 fronte
4182 1075 4701 1186 singularum
4761 1077 4955 1157 mis-

3187 1268 3469 1323 sarum
3585 1241 3717 1323 vel
3843 1241 4478 1351 euangeliorum
4597 1241 4952 1323 litteram

3191 1407 3591 1489 maiorem
3659 1406 4140 1518 largiusque
4201 1420 4587 1488 ornatum
4647 1407 4951 1516 posuit,

3188 1573 3338 1655 sed
3397 1573 3593 1656 artis
3648 1573 4241 1655 tantummodo
4299 1574 4666 1656 rationes
4719 1601 4958 1656 secu-

3187 1753 3322 1823 tus
3405 1740 3760 1850 singulis
3834 1739 4164 1850 paginis
4248 1739 4626 1850 singulas
4708 1753 4953 1837 certe,

3189 1905 3603 1988 interdum
3648 1904 3887 1987 binas
3933 1906 4246 1988 litteras
4290 1905 4679 2003 attribuit,
4742 1932 4957 2015 quae

3189 2072 3450 2154 modo
3498 2071 3816 2154 initium
3864 2071 4168 2154 missae
4213 2072 4648 2154 cuiusdem
4697 2071 4955 2153 modo

3190 2238 3506 2320 initium
3575 2238 3951 2321 lectionis
4007 2238 4140 2321 vel
4209 2238 4614 2348 epistulae
4681 2238 4958 2349 desig-

3190 2417 3409 2485 nant

3342 2571 3673 2653 Deinde
3739 2570 3817 2652 id
3885 2570 4329 2653 consilium
4395 2583 4736 2653 secutus
4808 2584 4955 2668 est,

3186 2750 3279 2818 ut
3341 2736 3657 2818 litterae
3723 2751 4174 2819 exornatae
4239 2738 4319 2819 in
4377 2737 4811 2820 contrariis
4875 2749 4959 2818 et

3187 2901 3564 2984 adversis
3655 2903 3983 3013 paginis
4084 2903 4273 2985 loco
4365 2904 4781 2986 variarent
4873 2914 4956 2984 et

3187 3067 3689 3150 alternantes
3773 3068 3854 3149 in
3937 3069 4204 3178 prima
4275 3069 4408 3150 vel
4484 3069 4740 3151 altera
4812 3096 4954 3150 co-

3189 3233 3475 3315 lumna
3547 3235 3871 3344 positae
3935 3235 4257 3316 varium
4339 3236 4617 3318 locum
4694 3237 4954 3318 modo

3189 3400 3706 3510 superiorem
3814 3402 4074 3483 modo
4179 3402 4653 3484 inferiorem
4758 3430 4957 3485 con-

3188 3566 3545 3648 tinerent
3588 3580 3688 3661 et,
3746 3566 3811 3648 si
3869 3566 4039 3648 fieri
4097 3568 4389 3676 potuit,
4449 3568 4795 3678 propius
4848 3567 4956 3649 ab

3193 3732 3421 3814 initio
3468 3731 3602 3812 vel
3651 3731 3813 3814 fine
3858 3732 4302 3815 columnae
4359 3734 4956 3815 constitueren-

3191 3912 3343 3995 tur,
3412 3911 3501 3979 ut
3566 3899 3855 4009 pictori
3915 3899 4257 3981 facultas
4316 3899 4651 3982 daretur
4705 3926 4959 4010 supra

3192 4064 3645 4175 scripturae
3736 4066 4200 4175 marginem
4294 4092 4630 4147 sursum
4715 4065 4957 4147 deor·

3194 4258 3381 4312 sum
3448 4244 3943 4312 ornamenta
4009 4230 4550 4328 extendendi3
4629 4258 4795 4340 qua
4869 4257 4956 4312 re

3194 4396 3662 4505 impeditur,
3748 4397 4200 4506 quominus
4274 4396 4596 4507 species
4669 4396 4958 4506 singu-

3196 4563 3459 4644 larum
3527 4564 4023 4673 paginarum
4090 4562 4624 4645 similitudine
4692 4562 4958 4644 offen-

3196 4727 3357 4809 dat.
3487 4727 3813 4808 Eadem
3897 4729 4063 4810 fere
4145 4728 4468 4811 licentia
4550 4756 4753 4810 usus
4835 4737 4962 4809 est

3198 4894 3276 4975 in
3352 4894 3814 4975 simulacris
3889 4893 4433 5003 disponendis
4507 4905 4590 4975 et
4663 4920 4959 5002 quam-

3197 5087 3449 5169 quam
3510 5059 3718 5141 festa
3773 5059 4250 5156 clarissima,
4307 5086 4522 5169 quae
4579 5057 4961 5168 imagini·

3197 5225 3356 5307 bus
3421 5225 3843 5307 celebrare
3910 5224 4297 5323 debebat,
4366 5238 4455 5306 ut
4519 5224 4964 5333 respiceret

3199 5418 3544 5473 necesse
3628 5404 3822 5486 erat,
3918 5403 4198 5472 tamen
4284 5391 4388 5471 (16
4473 5403 4751 5472 cetero
4837 5390 4964 5471 ius

3197 5558 3557 5639 auctoris
3633 5570 4126 5639 ornamenta
4209 5583 4309 5639 ex
4384 5584 4542 5638 suo
4626 5555 4963 5637 arbitrio

3199 5723 3763 5805 distribuentis
3829 5722 4207 5805 obtinuit.
4319 5723 4579 5805 Cuius
4653 5723 4765 5804 rei
4842 5734 4966 5802 te-

3198 5889 3589 5972 stimonia
3660 5903 3751 5971 ut
3822 5888 4221 5984 adferam,
4309 5900 4578 5970 totum
4652 5887 4967 5969 adven-

3197 6069 3332 6138 tus
3397 6069 3729 6165 tempus
3795 6069 3876 6137 et
3941 6082 4240 6137 omnes
4316 6054 4495 6136 dies
4570 6053 4963 6136 dominici
