5559 7392
2793 694 3309 761 -72-

1175 942 1428 1023 didati
1506 942 1708 1051 regii
1785 939 2147 1021 nominis
2222 941 2408 1022 ficta
2471 953 2795 1022 tantum
2862 953 2943 1021 et

1174 1107 1756 1189 commenticia
1830 1107 2014 1204 fuit;
2092 1106 2217 1188 his
2297 1107 2516 1187 enim
2593 1106 2941 1188 demen-

1173 1273 1395 1355 tibus
1476 1273 1995 1384 temporibus
2079 1300 2322 1384 reges
2403 1271 2511 1353 ab
2594 1272 2941 1354 urbibus

1175 1440 1337 1521 iam
1430 1467 1601 1521 non
1693 1439 2369 1550 agnoscebantur
2460 1439 2581 1549 (cf.
2651 1439 2937 1521 Lucii:

1178 1606 1312 1687 De
1395 1632 1658 1715 regno
1745 1604 2216 1687 Dalmatiae
2298 1606 2344 1686 l.
2394 1626 2482 1688 V.
2568 1598 2936 1714 cap.111)

1175 1782 1256 1851 et
1357 1771 1661 1880 singuli
1769 1770 2167 1881 oligarchi
2264 1771 2538 1881 regias
2643 1798 2940 1852 causas

1173 1936 1738 2044 praetexendo
1824 1964 2021 2018 suas
2103 1964 2234 2018 res
2317 1937 2940 2046 persequeban-

1172 2114 1322 2182 tur.
1393 2101 1695 2212 Neque
1761 2103 1997 2184 aliter
2060 2101 2247 2184 fecit
2313 2103 2712 2184 Hervoia.
2812 2103 2941 2183 Ex

1172 2266 1589 2375 positione
1690 2295 1843 2349 sua
1939 2267 2303 2349 Bosniae
2403 2267 2939 2350 occidentalis

1174 2431 1315 2512 vix
1399 2432 1935 2542 expugnabili
2019 2433 2594 2516 auctoritatem
2671 2434 2940 2544 Sigis-

1176 2597 1465 2678 mundi
1532 2598 1951 2680 convulsit
2013 2612 2114 2695 et,
2193 2612 2284 2680 ut
2353 2626 2454 2681 ex
2529 2599 2751 2709 regis
2820 2600 2941 2680 in—

1175 2763 1605 2845 cusatione
1678 2763 2024 2874 intelligi
2095 2777 2394 2874 potest,
2477 2765 2639 2847 iam
2714 2793 2939 2847 anno

2232 2926 2452 3037 1398
2498 2960 2688 3014 cum
2723 2935 2941 3014 Tur-

2141 3097 2255 3179 cis
2298 3097 2715 3179 societatis
2761 3097 2940 3179 foe-

2047 3265 2202 3344 dus
2238 3263 2527 3345 sanxit.
2585 3262 2738 3373 (Cf.
2776 3263 2942 3344 Fe-

2035 3429 2162 3533 jtftl‘
2209 3450 2306 3524 X,
2370 3454 2443 3524 2,
2493 3429 2721 3539 563.)

2176 3594 2332 3676 His
2375 3607 2654 3676 autem
2700 3597 2940 3678 annis

1923 3776 1927 3783 ·
2051 3758 2644 3869 Sigismundus
2753 3789 2939 3844 cru-

2043 3923 2467 4007 delissimo
2505 3927 2764 4008 modo
2811 3954 2939 4009 re-

1427 4103 1543 4165 Fig.
1566 4114 1648 4150 21.

2039 4091 2352 4200 gnavit.
2422 4091 2644 4172 Nam
2704 4104 2793 4173 ut
2859 4093 2939 4173 in

1176 4254 1544 4337 Hadriae
1634 4255 1875 4337 terris
1967 4257 2078 4337 ita
2171 4257 2252 4337 in
2353 4258 2669 4339 Bosnia
2762 4260 2938 4341 eius

1176 4420 1710 4532 magistratus
1784 4421 1936 4531 ipsi
2008 4421 2234 4503 cives
2309 4449 2576 4531 paene
2638 4423 2743 4505 ad
2807 4451 2937 4505 re-

1173 4585 1656 4668 bellandum
1747 4586 2294 4669 adduxerunt.
2431 4589 2672 4695 Quae
2746 4617 2935 4671 cum

1175 4752 1285 4833 ita
1378 4765 1681 4849 essent,
1796 4751 2157 4835 Ladislai
2266 4781 2399 4836 res
2512 4755 2937 4838 celerrime

1174 4916 1696 4998 corroborari
1764 4930 2064 5027 coepta
2127 4932 2253 5001 est
2318 4932 2400 5001 et
2463 4948 2653 5002 cum
2711 4948 2937 5001 anno

1191 5107 1408 5187 1402
1527 5082 1995 5193 praefectus
2119 5084 2408 5166 classis
2531 5086 2937 5195 Aloysius

1175 5247 1761 5330 Aldemarisco
1860 5249 2186 5359 legatus
2278 5250 2641 5360 Neapoli
2739 5251 2940 5332 mis-

1175 5440 1319 5495 sus
1413 5413 1494 5494 in
1591 5414 2099 5496 Dalmatiam
2190 5417 2539 5513 veniret,
2641 5444 2939 5499 omnes

1175 5579 1510 5660 obviam
1576 5593 2146 5689 properarunt.
2232 5581 2700 5691 Supremus
2756 5583 2942 5663 voi-

1173 5742 1401 5825 voda
1444 5744 1808 5826 Bosniae
1856 5746 2232 5827 Hervoia
2283 5746 2563 5858 legato
2618 5748 2698 5828 in
2753 5774 2939 5829 orn-

1176 5908 1420 5991 nibus
1453 5909 1789 5993 adstitit
1843 5924 1925 5993 et
1978 5911 2213 5993 sicuti
2270 5912 2623 5994 vicarius
2677 5940 2939 6022 gene-

1175 6074 1366 6157 ralis
1431 6076 1654 6186 regis
1721 6077 2086 6159 Ladislai
2154 6090 2235 6159 et
2298 6076 2519 6187 regis
2577 6077 2942 6160 Bosniae

3155 941 3431 1052 (,‚Nos
3507 940 3895 1022 Chervoe
3980 967 4423 1050 supremus
4486 941 4923 1051 Voyvoda

3154 1107 3427 1217 Regni
3503 1107 3839 1188 Bosnae
3914 1133 4012 1187 ac
4077 1106 4430 1187 vicarius
4504 1107 4920 1216 generalis

3153 1272 3615 1382 principum
3663 1271 4389 1353 serenissimorum
4437 1298 4731 1382 regum
4790 1299 4918 1355 re-

3151 1438 3282 1549 gis
3347 1436 3752 1518 Vladislai
3828 1451 3909 1519 et
3980 1436 4201 1547 regis
4278 1436 4698 1547 Ostoya“)
4784 1466 4920 1519 se-

3153 1603 3491 1686 ditionis
3584 1603 3867 1713 reique
3951 1602 4098 1684 fuit
4189 1630 4443 1684 causa
4535 1631 4915 1686 movens,

3156 1771 3373 1851 Cum
3438 1769 3725 1850 Priore
3790 1770 4187 1850 Aurariae
4254 1768 4551 1851 Bubek
4616 1769 4920 1852 devicit

3151 1936 3507 2017 Paulum
3583 1935 4046 2043 Bessenyei
4129 1935 4236 2016 de
4315 1935 4681 2045 Ezdege,
4769 1935 4919 2016 ba-

3153 2128 3354 2182 num
3439 2101 3913 2184 Dalmatiae
3998 2114 4079 2183 et
4146 2101 4558 2199 Croatiae‚
4645 2113 4729 2183 et
4799 2100 4919 2183 sic

3154 2293 3246 2347 se
3313 2266 3809 2348 validiorem
3877 2293 4064 2348 esse
4130 2265 4654 2348 ostendebat.

3303 2433 3561 2551 Anno
3678 2432 4020 2514 tandem
4142 2434 4365 2537 1403
4473 2430 4917 2513 Ladislaus

3156 2599 3333 2709 ipse
3389 2598 3471 2680 in
3527 2598 4039 2680 Dalmatiam
4092 2598 4341 2679 venit.
4413 2597 4673 2679 Cuius
4728 2597 4918 2679 bre-

3154 2764 3281 2846 vis
3364 2764 3636 2874 gloria
3718 2791 3906 2845 cum
3989 2775 4171 2846 toto
4247 2777 4556 2846 eventu
4640 2790 4916 2844 rerum

3154 2957 3593 3041 prosperO,
3663 2930 3802 3039 qui
3860 2929 3932 3011 ei
3992 2929 4221 3010 initio
4288 2929 4658 3040 contigit,
4726 2955 4916 3009 cum

3156 3096 3581 3180 Hervoiae
3696 3095 3931 3178 ducis
4048 3095 4388 3175 nomine
4505 3094 4917 3176 artissime

4578 3259 4735 3341 Cui
4802 3259 4915 3341 rei

4566 3425 4916 3507 Matthei

3154 3594 3260 3676 de
3357 3594 3675 3676 Sancto
3760 3592 4113 3674 Miniato
4205 3591 4620 3673 secretarii
4715 3590 4918 3700 regii

3153 3262 3567 3360 cohaeret,
3644 3261 3773 3344 cui
3839 3261 4123 3342 omnia
4184 3260 4458 3342 debet.

3154 3429 3664 3510 documento
3791 3439 3987 3508 sunt
4119 3425 4437 3508 litterae

3152 3760 3474 3841 consilii
3557 3759 3908 3841 civitatis
3991 3757 4469 3839 Florentiae
4551 3756 4658 3838 ad
4747 3756 4918 3838 dic-

3151 3940 3321 4008 tam
3381 3926 3820 4008 civitatem.
3921 3925 4066 4006 Ille
4123 3923 4345 4005 enim
4402 3923 4730 4032 scripsit
4784 3922 4918 4004 die

3168 4119 3276 4173 11.
3346 4091 3523 4173 Iulii
3613 4093 3887 4195 1403:
3999 4089 4632 4199 „applicuerunt
4730 4089 4913 4186 huc,

3152 4258 3285 4340 die
3369 4279 3503 4341 IX.
3590 4256 3835 4337 huius
3928 4255 4275 4352 mensis,
4369 4275 4521 4339 XII
4606 4281 4920 4365 magna

3153 4423 3489 4533 navigia
3558 4421 4063 4504 serenissimi
4136 4421 4526 4531 principis
4598 4420 4916 4502 domini

3149 4588 3370 4698 regis
3447 4587 3811 4669 Ladislai
3888 4614 4077 4668 cum
4153 4586 4414 4695 equiS,
4493 4586 4913 4683 militibus,

3152 4753 3728 4864 stipendiariis,
3826 4779 4119 4863 grano,
4219 4752 4482 4834 ordeo
4576 4764 4659 4834 et
4737 4751 4917 4833 aliis

3151 4919 3257 5001 ad
3333 4920 3578 5000 huius
3654 4918 4200 5000 ministerium
4284 4917 4911 5028 pertinentibus,

3151 5113 3403 5195 quem
3467 5083 3805 5195 quidem
3859 5096 4355 5193 apparatum
4411 5110 4666 5192 opere
4728 5110 4917 5192 pre-

3150 5251 3354 5332 tium
3428 5249 3747 5330 vidisse
3824 5249 3991 5331 fuit.
4121 5249 4324 5330 Heri
4409 5248 4571 5330 huc
4651 5247 4915 5358 appli-

3151 5416 3316 5498 cuit
3407 5413 3844 5524 Voyvoda
3949 5414 4184 5524 regni
4292 5414 4675 5510 Bossine,
4785 5414 4913 5495 cui

3155 5608 3463 5661 nomen
3544 5579 4015 5688 Chervoya,
4094 5579 4479 5688 princeps
4556 5605 4915 5689 magnus

3154 5760 3235 5829 et
3298 5746 3928 5856 potentissimus
4027 5746 4404 5826 omnium
4497 5746 4729 5855 regni
4823 5744 4917 5825 il—

3152 5913 3333 6009 lius,
3403 5913 3542 6021 qui
3609 5912 3949 6021 quidem
4005 5912 4151 5994 fuit
4203 5939 4456 5993 causa
4508 5911 4916 6021 potentis-

3153 6078 3386 6174 sima,
3452 6091 3542 6160 ut
3594 6105 3951 6188 regnum
4006 6077 4429 6159 Dalmatie
4484 6090 4565 6159 et
4619 6103 4915 6157 omnes
