5559 7392
2691 721 2784 729 —
2908 700 3050 749 110
3160 720 3250 729 —

1103 945 1562 1027 adhibitum
1625 956 1771 1026 est.
1859 945 1995 1024 De
2049 942 2328 1025 electis
2382 966 2586 1022 vero
2642 942 2873 1022 colo-

1105 1110 1334 1192 ribus
1393 1136 1768 1219 auroque
1828 1108 2203 1190 adhibito
2265 1121 2601 1190 nostrae
2665 1108 2872 1189 ima-

1105 1276 1345 1386 gines
1403 1275 1877 1385 frequentes
1933 1275 2268 1384 planam
2333 1274 2693 1355 reddunt
2747 1301 2874 1354 ra-

1106 1442 1445 1523 tionem.
1580 1441 1671 1522 Id
1761 1467 2033 1551 genus
2133 1439 2354 1521 enim
2448 1439 2873 1549 composi-

1106 1608 1379 1689 tiones
1433 1606 1662 1687 nullo
1710 1618 1954 1715 pacto
2003 1632 2190 1686 cum
2248 1604 2872 1714 septentrionali

1107 1786 1282 1855 arte
1327 1771 1795 1867 cohaerent,
1843 1771 1992 1852 sed
2041 1771 2109 1852 si
2164 1797 2338 1852 rem
2396 1770 2873 1851 universam

1054 2025 1067 2040 l
1111 1950 1195 2019 et
1243 1937 1576 2048 singula
1620 1949 1967 2045 specteS,
2024 1936 2409 2045 propriae
2453 1946 2648 2016 sunt
2692 1934 2877 2016 ulti-

1112 2129 1439 2184 morum
1524 2114 2131 2183 assectatorum
2208 2101 2580 2210 magistri
2661 2101 2874 2206 Jocti

1110 2267 1441 2378 generis
1493 2267 1912 2377 pingendi,
1976 2266 2205 2376 quod
2263 2267 2600 2347 saeculo
2656 2266 2875 2348 deci-

1114 2460 1256 2514 mo
1315 2446 1611 2542 quarto
1678 2446 2056 2530 exeunte,
2125 2460 2634 2543 quamquam
2682 2460 2877 2543 pro-

1113 2600 1458 2710 prietate
1521 2599 1678 2680 loci
1740 2599 2019 2710 aliqua
2072 2627 2174 2681 ex
2229 2613 2460 2709 parte
2516 2600 2724 2681 inter
2785 2627 2878 2681 se

1115 2765 1568 2859 differebat,
1611 2778 1889 2847 tamen
1929 2777 2107 2846 tota
2147 2765 2378 2846 Italia
2416 2765 2760 2874 vigebat
2799 2778 2879 2846 et

1118 2930 1745 3028 dominabatur;
1804 2958 2077 3040 neque
2135 2939 2335 3012 cum'
2374 2931 2875 3038 Byzantino-

1121 3124 1304 3178 rum
1350 3110 1525 3179 arte
1571 3096 1880 3178 habent
1923 3097 2381 3206 quidquam
2428 3123 2880 3179 commune

1122 3275 1204 3344 et
1279 3262 1464 3344 licet
1538 3263 1642 3345 de
1716 3263 2473 3372 compositionibus
2548 3262 2880 3344 formis-

1118 3455 1281 3538 que
1356 3440 1655 3526 taceas,
1732 3428 1961 3538 quod
2037 3429 2271 3510 color
2345 3428 2629 3510 viridis
2703 3455 2881 3510 me-

1119 3594 1254 3675 dia
1311 3593 1392 3675 in
1451 3620 1695 3674 carne
1754 3594 2012 3692 deest,
2069 3594 2234 3675 iam
2290 3594 2482 3675 inde
2538 3609 2885 3705 apparet

1120 3758 1353 3856 hanc,
1432 3759 1537 3842 de
1612 3786 1777 3869 qua
1850 3761 2401 3869 disputamuS,
2487 3774 2750 3844 artem
2836 3790 2886 3843 a

1121 3926 1582 4035 Byzantina
1632 3938 1815 4007 toto
1875 3926 2116 4007 coelo
2185 3927 2605 4009 diversam
2673 3955 2883 4010 esse.

1245 4091 1576 4199 Quodsi
1644 4090 1772 4172 hic
1828 4092 2117 4174 artifex
2172 4093 2601 4176 uberiores
2660 4121 2889 4175 com-

1122 4257 1583 4367 positiones
1651 4256 2094 4340 Christiani
2170 4259 2376 4366 cycli
2451 4260 2532 4341 in
2608 4287 2889 4341 meros

1123 4423 1514 4533 dialogos
1602 4423 2061 4534 figurarum
2146 4426 2584 4535 tranquille
2666 4427 2891 4507 iuxta

1123 4588 1573 4670 astantium
1672 4589 2078 4687 dissolvit,
2180 4592 2334 4672 hac
2436 4605 2889 4674 consuetu-

1125 4754 1318 4836 dine
1384 4780 1573 4835 cum
1641 4755 1978 4865 optimis
2045 4782 2338 4837 eorum
2414 4757 2551 4867 qui
2620 4757 2890 4838 mino-

1127 4920 1355 5002 ribus
1470 4920 1796 5002 tabellis
1920 4920 2306 5031 pingunt,
2434 4923 2888 5019 consentit;

1129 5114 1324 5167 nam
1391 5086 1639 5167 etiam
1695 5086 1775 5167 in
1831 5086 2339 5169 Florentinis
2406 5087 2633 5169 libris
2695 5088 2893 5170 cho-

1130 5252 1441 5334 ralibus
1514 5253 1822 5334 saeculi
1898 5253 2195 5334 decimi
2271 5254 2559 5364 quarti,
2638 5256 2777 5365 qui
2844 5284 2894 5337 a

1130 5418 1481 5499 summis
1526 5417 1975 5500 artificibus
2028 5430 2223 5500 sunt
2272 5419 2485 5530 picti,
2542 5433 2625 5502 et
2667 5421 2892 5530 apud

1129 5584 1585 5666 Attavante
1667 5584 1944 5694 ipsum
2018 5584 2374 5667 similem
2450 5599 2896 5668 consuetu-

1132 5748 1411 5829 dinem
1474 5750 1954 5859 reperimus

1287 5914 1449 5996 Hic
1513 5916 1760 6026 igitur
1812 5915 2101 5998 artifex
2154 5916 2343 5999 licet
2396 5917 2475 5999 in
2544 5945 2894 6000 numero

1134 6081 1727 6190 praestantium
1847 6082 2257 6192 pictorum
2363 6109 2895 6192 nequaquam

3084 942 3191 1023 sit
3253 940 3687 1023 ducendus
3744 952 4024 1020 tamen
4079 949 4254 1018 arte
4309 935 4659 1017 ornandi
4727 947 4856 1016 sat

3088 1109 3393 1190 idonea
3456 1106 3880 1216 praeditus
3945 1117 4109 1201 est;
4191 1131 4358 1213 qua
4421 1130 4509 1185 re
4573 1101 4646 1184 ei
4714 1128 4853 1182 or-

3087 1286 3500 1371 namenta,
3595 1271 3676 1353 in
3768 1271 4254 1353 universum
4344 1268 4412 1350 si
4496 1279 4849 1378 spectaS,

3089 1439 3436 1521 omnino
3502 1437 3790 1548 figuris
3856 1436 4152 1518 melius
4226 1445 4854 1545 processerunt;

3088 1619 3454 1688 attamen
3521 1602 4155 1686 concedendum
4215 1613 4343 1683 est
4406 1600 4584 1683 eius
4649 1627 4861 1709 quo-

3089 1798 3252 1880 que
3334 1768 3915 1879 imagunculas
3999 1766 4272 1876 spatio
4366 1766 4859 1875 plerumque

3089 1937 3425 2018 feliciter
3515 1934 3846 2045 expleto
3931 1949 4015 2014 et
4094 1933 4389 2042 vigore
4479 1931 4858 2013 colorum

3091 2102 3613 2185 considerate
3718 2099 4129 2209 disposito
4244 2110 4647 2208 quantum
4752 2098 4859 2178 ad

3092 2281 3480 2350 ornatum
3538 2267 3828 2349 attinet
3884 2265 4147 2347 oculis
4205 2263 4614 2345 iucundae
4671 2289 4858 2345 esse

3093 2434 3650 2517 oblectationi.
3719 2434 3812 2514 In
3866 2430 4151 2514 litteris
4203 2428 4708 2513 exornandis
4761 2456 4861 2511 ea

3093 2603 3361 2683 forma
3404 2600 3771 2710 principe
3815 2599 4196 2680 astrictus
4243 2589 4438 2692 erat,
4488 2622 4742 2704 quam
4788 2595 4859 2676 ei

3094 2768 3472 2850 librarius
3555 2777 4131 2877 praeceperat;
4216 2776 4582 2845 attamen
4667 2773 4863 2844 sunt

3093 2934 3414 3043 aliquot
3477 2932 3658 3028 loci,
3748 2930 3960 3012 sicut
4041 2956 4229 3039 pag.
4301 2950 4424 3034 15,
4508 2952 4641 3025 20,
4723 2953 4858 3024 21,

3096 3124 3231 3196 22,
3328 3126 3431 3181 ex
3515 3097 3820 3208 quibus
3903 3095 4254 3205 colligas
4337 3120 4532 3175 eum
4615 3120 4862 3174 orna-

3094 3278 3374 3347 menta
3448 3291 3602 3345 sua
3676 3264 3992 3344 maiore
4075 3261 4450 3343 libertate
4532 3259 4861 3341 confor-

3096 3458 3404 3528 masse,
3489 3458 3539 3511 a
3621 3439 4067 3539 praecepto
4150 3454 4308 3509 suo
4389 3427 4862 3536 digressum

3096 3625 3305 3696 esse,
3374 3597 3648 3678 varias
3713 3594 4019 3676 helices
4082 3594 4569 3704 applicasse.
4670 3592 4863 3675 Sin-

3096 3763 3316 3874 gulis
3388 3761 3727 3873 quidem
3801 3761 4006 3843 locis
4080 3772 4421 3842 coactus
4495 3771 4622 3841 est
4685 3785 4863 3840 cra-

3098 3941 3266 4012 tem
3332 3928 3555 4038 apud
3621 3926 3978 4009 slavicas
4044 3926 4355 4008 litteras
4420 3935 4864 4007 exornatas

3099 4095 3489 4178 usitatam
3545 4094 3897 4176 retinere
3957 4091 4062 4201 (v.
4101 4092 4237 4203 fig.
4279 4090 4447 4198 24),
4505 4091 4867 4200 plerum-

3101 4290 3264 4372 que
3329 4288 3531 4344 vero
3608 4260 3705 4342 iis
3780 4259 3993 4342 foliis
4069 4258 4634 4368 fructibusque
4710 4257 4866 4339 uti·
4933 4322 4942 4329 .

3101 4441 3253 4526 tur,
3313 4455 3528 4537 quae
3582 4427 4076 4509 memoriam
4129 4425 4572 4534 praecipue
4619 4423 4869 4504 libro-

3102 4621 3286 4676 rum
3340 4593 3798 4675 choralium
3852 4592 4325 4674 Italicorum
4383 4589 4867 4673 ecclesiasti·

3103 4787 3392 4842 corum
3475 4759 3882 4841 adferunt.
3999 4759 4284 4867 Atque
4365 4756 4526 4837 iam
4615 4783 4871 4865 supra

3104 4925 3516 5007 monitum
3583 4936 3711 5007 est
3774 4923 3847 5006 ei
3916 4935 4000 5004 et
4063 4923 4292 5033 quod
4359 4922 4532 5005 veri
4598 4922 4869 5004 simile

3104 5104 3260 5190 est,
3372 5092 3534 5172 iam
3641 5089 3975 5172 librario
4083 5089 4420 5172 missale
4524 5089 4870 5171 latinum

3104 5269 3438 5368 praesto
3492 5256 3767 5354 fuisse,
3826 5255 3906 5337 id
3966 5256 4195 5365 quod
4249 5255 4651 5365 probatur
4705 5256 4870 5337 for-

3106 5449 3244 5503 ma
3346 5420 3879 5532 glagoliticae
3984 5421 4299 5503 litterae
4394 5422 4536 5518 W,
4636 5421 4871 5503 cuius

3105 5589 3373 5670 forma
3430 5587 3709 5669 multis
3765 5587 3991 5682 lociS,
4061 5588 4364 5696 quibus
4421 5600 4696 5670 textus
4753 5588 4871 5669 la-

3105 5754 3327 5836 tinus
3385 5753 3737 5835 litteram
3783 5753 3829 5858 J
3885 5752 4251 5862 praebet,
4321 5754 4708 5862 proprius
4764 5752 4870 5834 ad

3108 5919 3320 6001 hanc
3401 5918 3797 6000 accedere
3880 5918 4180 6027 incipit.
4296 5918 4606 6001 Littera
4686 5931 4871 6000 tan-

3107 6098 3286 6167 tum
3383 6086 3449 6165 P
3544 6112 3734 6166 cum
3830 6084 4212 6166 foliatura
4307 6112 4541 6166 ramo
4636 6084 4872 6166 arido
