5559 7392
2289 731 2397 762 —‚
2500 707 2795 776 71—

672 952 919 1034 Arch.
970 952 1323 1063 Neapol.
1374 951 1449 1034 d.
1488 951 1562 1033 d.
1628 974 1749 1058 15.
1791 953 2131 1038 Octobr.
2186 899 2432 1060 1'392,

673 1121 885 1229 Reg.
936 1147 1157 1202 num.
1210 1121 1405 1216 363,
1453 1118 1591 1236 sol.
1644 1117 1835 1230 158)
1883 1121 1938 1201 Ι.
1987 1120 2437 1229 Horvathy
2712 1170 2744 1201 ‹-

673 1298 755 1367 et
810 1286 1238 1368 Hervoiae
1304 1285 1492 1366 duci
1556 1285 1763 1367 haec
1826 1285 2433 1369 conceduntur:

681 1452 965 1562 „quod
1040 1451 1380 1562 possitis
1455 1465 1536 1534 et
1597 1452 1945 1535 valeatis
2016 1466 2186 1535 tam
2251 1454 2434 1535 uni-

673 1619 1129 1716 versitates,
1179 1630 1261 1701 et
1301 1618 1687 1700 homines
1733 1630 2134 1699 terrarum
2181 1631 2262 1701 et
2309 1620 2435 1700 lo-

673 1813 962 1867 corum
1038 1784 1227 1866 dicti
1303 1785 1536 1895 regni
1612 1785 1872 1867 nostri
1951 1785 2435 1896 Hungariae

675 1966 757 2035 et
827 1951 1181 2034 aliorum
1259 2018 1274 2033 .
1325 2018 1339 2033 .
1391 2018 1405 2032 .
1456 2017 1472 2034 .
1550 1978 2003 2062 regnorum
2068 1952 2222 2034 sibi
2287 1980 2436 2034 an-

673 2145 1079 2201 nexorum
1195 2145 1447 2228 quam
1560 2116 1773 2198 alios
1886 2144 2437 2228 quoscunque

673 2311 1127 2393 regnorum
1173 2283 1666 2366 eorumdem
1722 2297 2181 2394 magnates,
2240 2312 2436 2394 pro-

671 2478 922 2548 ceres,
992 2450 1362 2546 comites,
1430 2450 1815 2549 barones,
1883 2477 2289 2572 personas
2357 2462 2439 2532 et

671 2616 1057 2699 homines
1132 2616 1483 2698 rebelles
1560 2629 1897 2698 nostros
1970 2642 2068 2697 ac
2141 2615 2433 2697 inobe-

671 2783 993 2865 dientes
1094 2795 1175 2864 et
1274 2781 1702 2863 maleficos
1806 2782 2110 2891 quovis
2222 2781 2434 2863 alios

670 2949 1266 3058 cuiuscumque
1347 2948 1694 3057 graduS‚
1789 2960 2055 3030 status
2145 2948 2434 3029 condi-

670 3116 932 3198 cionis
998 3116 1355 3198 existant
1405 3115 1512 3197 ad
1569 3115 1844 3197 sinum
1898 3114 2214 3225 gratiae
2280 3142 2435 3195 no-

670 3296 889 3366 strae
942 3282 1305 3392 recipere
1359 3282 1647 3391 eisque
1703 3293 1785 3363 et
1836 3281 2211 3391 ipsorum
2265 3280 2435 3361 cui-

671 3449 869 3532 libet
963 3476 1260 3530 omnes
1354 3460 1437 3531 et
1530 3448 1913 3558 singulos
2012 3474 2429 3545 excessus,

670 3615 1034 3713 crimina,
1076 3613 1663 3713 discursiones,
1711 3612 2430 3723 depraedationeS,

671 3780 1069 3878 incendia,
1138 3781 1558 3879 currerias,
1626 3780 1896 3878 cedeS,
1964 3779 2431 3876 homicidia,

672 3946 1300 4029 disrobaciones
1354 3958 1437 4028 et
1487 3945 1701 4027 furta
1753 3944 2084 4055 publica
2135 3957 2218 4027 et
2267 3943 2433 4054 pri-

669 4127 865 4196 vata
910 4126 990 4195 et
1033 4112 1194 4194 alia
1236 4138 1815 4222 quaecumque
1869 4112 2167 4193 delicta
2220 4139 2433 4222 quo-

563 4365 569 4370 ,
670 4306 1028 4389 cumque
1095 4278 1433 4360 nomine
1498 4290 2032 4375 censeantur;
2100 4306 2248 4388 per
2311 4280 2433 4389 ip-

668 4472 815 4526 sos
888 4458 970 4528 et
1045 4472 1335 4527 eorum
1420 4445 1875 4554 quemlibet
1954 4456 2099 4526 aut
2178 4443 2431 4525 alium

670 4612 803 4693 vel
900 4612 1113 4693 alios
1210 4612 1583 4721 ipsorum
1661 4678 1676 4693 .
1886 4677 1901 4692 .
1980 4637 2249 4721 usque
2350 4609 2432 4690 in

669 4778 891 4860 diem
966 4777 1467 4860 reddicionis
1543 4778 1916 4888 ipsorum
1989 4777 2097 4859 ad
2170 4776 2433 4859 hobe-

669 4943 1063 5026 dientiam
1128 4956 1210 5025 et
1273 4942 1753 5026 fidelitatem
1811 4955 2183 5025 nostram
2249 4943 2432 5025 ubi-

669 5136 1050 5219 cumque,
1093 5109 1896 5219 quomodocumque
1936 5121 2018 5190 et
2055 5108 2436 5218 qualiter-

669 5302 1027 5385 cumque
1092 5274 1592 5356 commissas
1665 5287 1916 5384 atque
1981 5275 2433 5393 commissa

670 5508 1016 5525 ......
1085 5441 1523 5524 remittere.
1544 5449 1579 5482 “

820 5610 1106 5690 Duces
1158 5620 1437 5690 autem
1483 5607 1840 5717 partium
1885 5605 2428 5717 Sigismundi,

668 5774 808 5885 qui
893 5775 1210 5857 Mariae
1292 5774 1630 5885 reginae
1714 5773 2079 5872 maritus,
2163 5772 2430 5884 legiti-

670 5968 856 6022 mus
949 5953 1122 6022 erat
1211 5967 1377 6038 rex,
1477 5941 1560 6022 in
1650 5939 2105 6022 meridiana
2195 5940 2429 6049 regni

668 6119 900 6216 parte
982 6119 1215 6189 erant
1294 6107 1721 6206 Nicolaus,
1804 6105 2020 6188 filius
2103 6103 2430 6186 Nicolai

2909 954 3013 1036 de
3088 911 3311 1036 Gara
3389 983 3615 1036 anno
3707 958 3927 1062 1389
4005 957 4252 1039 occisi
4333 970 4414 1039 et

2911 1121 3267 1201 Ioannes
3347 1120 3451 1201 de
3534 1120 3892 1203 Maroth.

3185 1299 3532 1395 uterque
3638 1287 3765 1368 vir
3872 1287 4183 1369 ferreus
4287 1288 4410 1368 in-

4033 1123 4411 1229 Quarum

3184 1452 3628 1533 revocabili
3678 1454 4144 1536 constantia
4215 1466 4409 1548 erat,

2772 1589 2901 1677 ⁴Fig.
2925 1625 3005 1662 20.

3197 1631 3278 1700 et
3363 1618 3430 1698 si
3518 1644 3895 1726 quaeras,
3992 1646 4411 1728 quaenam

2650 1785 2996 1865 omnino
3093 1811 3295 1865 vera
3403 1783 3642 1866 fuerit
3756 1811 4008 1867 causa
4109 1784 4410 1866 horum

2649 1950 3193 2033 certaminum
3263 1950 3908 2060 dynasticorum,
3977 1964 4195 2048 certe
4259 1951 4413 2032 im-

2647 2116 3074 2226 placabilis
3180 2116 3697 2226 singularum
3800 2116 4171 2226 gentium
4271 2145 4413 2199 cu-

2646 2282 2947 2392 piditas
3057 2283 3266 2364 inter
3377 2308 3469 2365 se
3580 2282 4027 2365 ulciscendi
4151 2285 4411 2394 respi-

2648 2447 2941 2529 cienda
3032 2461 3178 2529 est.
3312 2449 3569 2529 Ann'o
3657 2476 3862 2530 vero
3958 2451 4180 2554 1393
4260 2475 4410 2559 ge-

2649 2614 2950 2696 neralis
3045 2613 3326 2695 vicarii
3419 2614 3866 2722 Horvathy
3956 2626 4235 2724 partes
4330 2614 4411 2695 in

2647 2780 2873 2862 bello
2964 2779 3393 2861 inferiores
3476 2779 4030 2862 discesserant
4115 2792 4197 2862 et
4278 2781 4413 2862 Io—

2646 2972 2864 3027 anne
2943 2944 3157 3027 duce
3248 2944 3687 3027 crudeliter
3779 2959 4046 3028 morte
4119 2946 4410 3056 punito

2648 3112 3026 3194 Hervoia
3120 3112 3522 3195 inferioris
3604 3112 3967 3194 Bosniae
4054 3112 4411 3221 partium

2645 3279 3021 3361 voivoda
3084 3308 3155 3361 a.
3224 3279 3300 3361 d.
3367 3308 3442 3360 x.
3510 3278 3666 3359 kal.
3737 3278 3965 3387 Sept.
4035 3276 4410 3359 eiusdem

2644 3446 2837 3528 anni
2905 3446 2985 3527 in
3060 3445 3404 3528 castello
3478 3472 3634 3526 suo
3710 3443 4182 3542 „Zucham“
4258 3444 4411 3524 im-

2646 3613 2879 3723 perio
2985 3612 3208 3723 regis
3309 3610 3827 3722 Sigismundi
3931 3609 4411 3719 Mariaeque

2647 3806 2739 3861 se
2804 3778 3184 3861 subicere
3255 3790 3595 3860 coactus
3669 3789 3816 3859 est.
3905 3775 4057 3886 (Cf.
4127 3774 4407 3883 Fejer:

2650 3944 2861 4027 Cod.
2931 3943 3155 4054 Dipl.
3222 3973 3297 4042 x,
3371 3969 3444 4026 2.
3508 3940 3724 4052 158.)

2797 4110 3185 4193 Potentia
3281 4137 3486 4192 vero
3592 4108 4018 4190 Hervoiae
4127 4107 4407 4216 ipsiuS,

2645 4303 2901 4386 quem
2994 4277 3159 4358 iam
3250 4277 3384 4359 die
3481 4277 3604 4357 13.
3685 4276 3862 4358 Iulii
3959 4280 4182 4383 1393
4276 4307 4410 4362 res

2644 4442 2980 4553 publica
3031 4443 3504 4525 Venetiana
3567 4470 3757 4524 cum
3822 4442 4066 4526 fratre
4122 4445 4409 4527 Vene-

2644 4624 2824 4693 tum
2930 4623 3014 4693 et
3108 4610 3406 4691 Civem
3507 4610 3826 4706 fecerat,
3936 4608 4059 4719 (cf.
4158 4610 4405 4692 Arch.

2644 4776 3038 4858 Aulicum
3103 4776 3403 4858 Vienn.
3474 4774 3744 4884 Copia
3809 4773 3941 4857 dei
4007 4774 4407 4857 Comme-

2643 4941 2968 5024 moriali
3015 4964 3215 5037 VIII,
3274 4939 3477 5049 305)
3542 4940 4017 5051 Horvathyi
4072 4940 4408 5022 calami-

2643 5122 2810 5192 tate
2875 5109 3130 5191 sracta
3195 5135 3363 5190 non
3430 5119 3575 5190 est.
3655 5107 3954 5217 Neque
4019 5106 4197 5188 eius
4264 5106 4410 5188 de—

2645 5276 2846 5358 ditio
2912 5302 3114 5356 vera
3175 5273 3661 5383 sinceraque
3725 5272 3893 5371 fuit,
3962 5299 4156 5354 nam
4221 5299 4409 5382 per-

2644 5441 3065 5524 severavit
3125 5439 3489 5522 Ladislai
3565 5439 3814 5521 rebus
3889 5439 4189 5534 favere,
4267 5439 4408 5547 qui

2645 5607 2777 5690 die
2864 5632 2939 5712 4.
2981 5606 3193 5726 ¹Iulii
3282 5608 3508 5710 1394
3591 5603 3952 5702 ratificat,
4037 5615 4410 5713 acceptat

2642 5801 2741 5855 ac
2822 5772 3258 5854 confirmat
3331 5770 3611 5853 vicarii
3683 5770 3809 5852 sui
3884 5769 4405 5852 donationes.

2647 5938 2800 6047 (Cf.
2870 5939 3080 6049 Reg.
3147 5939 3369 6048 Ang.
3440 5963 3664 6017 num.
3724 5935 3921 6033 363,
3990 5934 4125 6016 fol.
4189 5933 4405 6043 187.)

2643 6104 2818 6187 Sed
2858 6130 3255 6213 praesens
3292 6102 3740 6185 auctoritas
3787 6099 4169 6183 iuvenilis
4214 6127 4409 6182 can-
