5559 7392
2751 698 2852 706 ——-

1118 921 1394 1031 colligi
1448 933 1745 1031 potest.
1821 919 2291 999 Periculum
2357 945 2660 1028 nempe
2723 917 2878 998 ob-

1118 1086 1465 1167 sidionis
1558 1111 1609 1165 a
1700 1084 2129 1193 Hungaris
2234 1098 2486 1194 atque
2588 1086 2878 1194 Ragu-

1118 1252 1337 1369 saeis
1412 1249 1919 1346 imminebat,
2005 1262 2094 1330 ut
2175 1277 2277 1331 ex
2370 1252 2879 1331 Monumen-

1118 1428 1396 1497 torum
1470 1414 2017 1511 serbicorum,
2101 1443 2150 1496 a
2226 1415 2530 1497 comite
2608 1416 2882 1497 Pozza

1120 1581 1556 1679 editorum,
1620 1593 1859 1661 tomo
1925 1580 2194 1690 primo
2255 1608 2444 1692 pag.
2486 1607 2647 1686 129
2703 1582 2881 1663 elu-

1120 1758 1269 1827 cet.
1359 1745 1651 1843 Castri,
1720 1746 1859 1826 ubi
1928 1746 2349 1828 Almissae
2418 1748 2882 1829 Hervoiam

1120 1910 1539 1992 habitasse
1601 1912 2094 2021 putaverim,
2164 1913 2411 1994 etiam
2470 1940 2688 1995 nunc
2748 1942 2884 1995 ru-

1121 2077 1321 2159 dera
1385 2090 1726 2175 restant,
1802 2106 2017 2188 quae
2091 2079 2660 2190 Starigrad
2729 2108 2883 2162 no-

2964 678 3006 743 4

3093 916 3402 1003 minata
3453 941 3705 1025 super
3755 915 4215 997 Almissam
4273 916 4352 997 in
4407 931 4853 1027 praerupto

3093 1095 3379 1163 monte
3461 1081 3618 1163 sita
3697 1081 4083 1167 eminent.
4165 1082 4624 1164 Ecclesiam
4707 1111 4855 1164 au-

3092 1260 3259 1328 tem
3363 1247 3622 1329 sancti
3720 1247 4149 1329 Michaelis
4242 1248 4854 1331 Almissensem

3096 1412 3519 1494 Hervoiae
3568 1412 3802 1494 ducis
3842 1412 4292 1523 palatinam
4337 1413 4591 1495 fuisse
4636 1413 4856 1496 sama

3094 1578 3520 1688 popularis
3605 1578 4063 1660 incolarum
4144 1579 4322 1660 eius
4400 1579 4555 1662 loci
4639 1607 4858 1662 nunc

3096 1770 3436 1853 quoque
3530 1743 3935 1853 perhibet,
4039 1744 4269 1854 quod
4370 1773 4472 1876 εξ
4572 1745 4857 1828 litteris

3096 1909 3246 1990 viri
3315 1908 3870 2007 illustrissimi,
3948 1910 4375 1993 directoris
4440 1912 4855 2022 gymnasii

3098 2074 3640 2184 Spalatensis,
3710 2077 3842 2157 Fr.
3901 2076 4156 2175 Bulic,
4226 2078 4575 2188 percepi.

2700 2662 3119 2744 CAPUT
3192 2664 3293 2745 11.
3348 2612 3352 2616 ’

2024 2915 2321 3006 Alius
2384 2917 2754 3023 scriba,
2830 2916 3096 3009 alius
3159 2919 3490 3033 pictor
3557 2919 3967 3009 codicis,

1276 3234 1452 3315 Iam
1517 3234 1927 3333 audivisti,
1995 3235 2182 3344 quis
2248 3236 2622 3317 codicem
2688 3236 2888 3317 scri-

1125 3399 1498 3485 bendum
1542 3401 1972 3498 curaverit,
2019 3428 2189 3510 quo
2234 3414 2616 3512 tempore
2656 3402 2889 3512 equi-

1126 3566 1322 3648 dem
1405 3566 1635 3647 illum
1727 3567 2286 3677 conscriptum
2370 3568 2669 3679 cuique
2754 3595 2889 3649 ec-

1128 3732 1428 3813 clesiae
1496 3731 1727 3813 dono
1793 3732 2081 3814 datum
2149 3732 2527 3815 iudicem.
2641 3735 2891 3816 Nunc
2955 3748 2961 3757 ‘

1127 3898 1195 3978 si
1278 3898 1406 3978 vis
1489 3896 1808 3978 scribae
1894 3924 2201 3979 nomen
2282 3898 2426 3980 tibi
2509 3900 2885 4010 prodam.

1130 4062 1295 4169 Qui
1363 4063 1750 4172 quamvis
1817 4063 1895 4144 in
1967 4063 2313 4175 epilogo
2382 4065 2694 4147 nullam
2760 4067 2890 4148 sui

1129 4229 1644 4310 mentionem
1741 4229 2022 4311 fecerit
2100 4279 2223 4289 —
2304 4231 2573 4312 codex
2667 4232 2887 4313 enim

1130 4396 1209 4476 in
1267 4395 1431 4477 fine
1492 4422 1837 4477 mancus
1888 4408 2016 4477 est
2064 4444 2188 4454 —
2236 4408 2517 4477 tamen
2576 4424 2890 4479 nomen

1131 4561 1309 4641 eius
1412 4561 1710 4643 saltem
1815 4559 2033 4642 bene
2136 4561 2583 4671 indagasse
2695 4563 2890 4645 mihi

1129 4725 1445 4806 videor.
1591 4725 1766 4807 Sed
1869 4725 2167 4807 mirum
2269 4726 2552 4836 utique
2654 4727 2891 4809 vide-

1128 4904 1261 4972 tur
1324 4891 1613 4972 ultima
1682 4892 1990 5002 pagina
2054 4891 2385 4989 codicis,
2462 4920 2678 5002 quae
2743 4893 2891 4975 ad-

1129 5055 1291 5137 huc
1370 5083 1637 5137 vacua
1725 5070 2037 5156 manet,
2129 5056 2269 5138 ubi
2352 5058 2890 5140 continuandi

1129 5233 1406 5303 textus
1471 5221 1815 5303 facultas
1884 5237 2077 5320 erat,
2146 5222 2503 5304 scribam
2566 5223 2680 5305 uti
2739 5250 2892 5304 no-

1132 5384 1413 5485 luisse,
1501 5401 1589 5470 ut
1670 5388 1738 5469 si
1823 5388 2019 5470 nihil
2104 5388 2352 5485 aliud,
2439 5389 2895 5500 interrupta

1132 5554 1429 5664 prioris
1525 5553 1694 5635 solii
1790 5554 2050 5635 verba
2151 5554 2258 5635 ad
2360 5555 2614 5636 finem
2705 5583 2894 5666 per-

1134 5719 1495 5801 duceret.
1611 5721 1752 5800 An
1848 5746 2043 5800 eum
2127 5720 2617 5830 impeditum
2703 5748 2893 5802 esse

1135 5886 1482 5996 putem?
1561 5887 1960 5968 Extrema
2010 5886 2588 5969 enimcodicis
2634 5887 2896 5969 verba

1136 6053 1215 6133 in
1304 6051 1473 6132 solii
1561 6053 1732 6155 243
1834 6051 2230 6132 columna
2331 6052 2592 6134 altera
2691 6052 2898 6134 haec

3101 3236 3493 3346 leguntur
3558 3235 4309 3347 (transcriptionem
4377 3234 4649 3317 ubivis
4712 3235 4862 3317 ad-

3101 3403 3351 3484 hibeo
3435 3403 3910 3513 cyrillieam,
3996 3368 4287 3512 utpote
4372 3402 4586 3484 lectu
4669 3402 4862 3483 saci-

3102 3565 3465 3677 liorem):

3253 3737 3480 3817 Rome
3527 3760 3774 3841 Romoy
3822 3760 4219 3827 nooTonHo
4263 3732 4316 3815 ὃ
4357 3759 4862 3817 nomnaossa'rn

3101 3926 3151 3979 n
3224 3924 3474 4005 Bnnoy
3555 3924 4073 4005 OTnoyc'ffl'rn,
4155 3926 4421 4006 npmffl
4503 3904 4864 3981 Μοῑιθῌῐαῇ

3102 4090 3325 4145 flama
3395 4090 3445 4143 n
3519 4090 3610 4145 Re
3684 4090 3866 4171 0y3a
3937 4060 4365 4171 rpnxoss'na
4436 4059 4863 4161 cTncRaeT’,

3101 4254 3658 4309 nomnflossanne
3723 4254 3911 4311 'moe
3976 4216 4272 4312 ffimo'rn
4339 4292 4358 4311 .
4406 4291 4425 4310 .
4474 4291 4493 4310 .
4542 4290 4561 4309 .

3261 4392 3401 4474 Ad
3456 4393 3945 4492 orationem,
4003 4422 4218 4504 quae
4271 4395 4349 4475 in
4402 4395 4659 4476 missa
4710 4420 4863 4504 pro

3103 4558 3461 4668 peccatis
3517 4559 3838 4669 legitur,
3896 4561 4053 4642 ista
4105 4562 4520 4671 pertinent
4570 4561 4866 4671 hisque

3105 4725 3377 4807 latinis
3483 4725 3761 4808 verbis
3862 4728 4419 4837 respondent:
4550 4730 4861 4826 „Deus

3104 4891 3337 4972 cuius
3410 4891 3835 5001 proprium
3906 4906 4034 4974 est
4098 4893 4463 4975 misereri
4537 4920 4870 5003 semper

3105 5071 3186 5139 et
3283 5084 3650 5167 parcere,
3763 5059 4091 5169 suscipe
4192 5059 4864 5169 deprecationem

3107 5235 3511 5319 nostram,
3586 5237 3675 5305 ut
3738 5250 3955 5333 quos
4020 5223 4510 5307 delictorum
4577 5239 4870 5307 catena

3104 5389 3627 5500 constringit,
3733 5390 4151 5473 miseratio
4252 5403 4445 5471 tuae
4540 5390 4865 5501 pietatis

3105 5554 3516 5636 absolvat.
3535 5564 3570 5597 ‘⁴

3263 5720 3438 5802 Sed
3528 5720 3761 5802 verbi
3867 5721 4363 5819 „absolvat“
4467 5722 4866 5831 interpre-

3105 5886 3309 5967 tatio
3386 5887 3698 5968 slavica
3772 5887 3852 5968 in
3937 5887 4224 5969 codice
4309 5886 4914 6004 desideratum·

3110 6079 3302 6134 nam
3340 6065 3676 6162 propter
3713 6051 4083 6134 tabulam
4119 6053 4379 6134 sancti
4413 6053 4867 6150 Michaelis,
