<?xml version="1.0" encoding="UTF-8"?>
<!DOCTYPE html PUBLIC "-//W3C//DTD XHTML 1.0 Transitional//EN"
    "http://www.w3.org/TR/xhtml1/DTD/xhtml1-transitional.dtd">
<html xmlns="http://www.w3.org/1999/xhtml" xml:lang="en" lang="en">
 <head>
  <title>
</title>
<meta http-equiv="Content-Type" content="text/html;charset=utf-8" />
  <meta name='ocr-system' content='tesseract 3.04.00' />
  <meta name='ocr-capabilities' content='ocr_page ocr_carea ocr_par ocr_line ocrx_word'/>
</head>
<body>
  <div class='ocr_page' id='page_1' title='image "./missaleglagolit00unkngoog_0022.png"; bbox 0 0 5559 7392; ppageno 0'>
   <div class='ocr_carea' id='block_1_1' title="bbox 1104 932 2871 2373">
    <p class='ocr_par' dir='ltr' id='par_1_1' title="bbox 1104 932 2870 2208">
     <span class='ocr_line' id='line_1_1' title="bbox 1107 932 2867 1047; baseline -0.005 -27"><span class='ocrx_word' id='word_1_1' title='bbox 1107 939 1385 1047; x_wconf 85' lang='lat' dir='ltr'>incipit</span> <span class='ocrx_word' id='word_1_2' title='bbox 1492 965 1542 1018; x_wconf 92' lang='lat' dir='ltr'>a</span> <span class='ocrx_word' id='word_1_3' title='bbox 1638 935 1837 1016; x_wconf 91' lang='lat' dir='ltr'>solio</span> <span class='ocrx_word' id='word_1_4' title='bbox 1945 933 2402 1015; x_wconf 89' lang='lat' dir='ltr'>centesimo</span> <span class='ocrx_word' id='word_1_5' title='bbox 2509 932 2867 1042; x_wconf 88' lang='lat' dir='ltr'>quadra-</span> 
     </span>
     <span class='ocr_line' id='line_1_2' title="bbox 1104 1098 2869 1213; baseline -0.003 -28"><span class='ocrx_word' id='word_1_6' title='bbox 1104 1104 1434 1213; x_wconf 85' lang='lat' dir='ltr'>gesimo</span> <span class='ocrx_word' id='word_1_7' title='bbox 1481 1114 1825 1199; x_wconf 80' lang='lat' dir='ltr'>octavo3</span> <span class='ocrx_word' id='word_1_8' title='bbox 1884 1100 2255 1182; x_wconf 89' lang='lat' dir='ltr'>vicesimi</span> <span class='ocrx_word' id='word_1_9' title='bbox 2302 1098 2869 1209; x_wconf 82' lang='lat' dir='ltr'>quaternionis</span> 
     </span>
     <span class='ocr_line' id='line_1_3' title="bbox 1108 1263 2869 1379; baseline -0.003 -28"><span class='ocrx_word' id='word_1_10' title='bbox 1108 1269 1466 1379; x_wconf 91' lang='lat' dir='ltr'>primum</span> <span class='ocrx_word' id='word_1_11' title='bbox 1513 1279 2013 1350; x_wconf 90' lang='lat' dir='ltr'>numeratur.</span> <span class='ocrx_word' id='word_1_12' title='bbox 2087 1265 2417 1347; x_wconf 88' lang='lat' dir='ltr'>Initium</span> <span class='ocrx_word' id='word_1_13' title='bbox 2463 1263 2660 1346; x_wconf 92' lang='lat' dir='ltr'>novi</span> <span class='ocrx_word' id='word_1_14' title='bbox 2706 1263 2869 1345; x_wconf 90' lang='lat' dir='ltr'>sas-</span> 
     </span>
     <span class='ocr_line' id='line_1_4' title="bbox 1106 1430 2868 1546; baseline -0.003 -29"><span class='ocrx_word' id='word_1_15' title='bbox 1106 1436 1375 1534; x_wconf 91' lang='lat' dir='ltr'>ciculi,</span> <span class='ocrx_word' id='word_1_16' title='bbox 1472 1461 1642 1546; x_wconf 91' lang='lat' dir='ltr'>quo</span> <span class='ocrx_word' id='word_1_17' title='bbox 1735 1435 1993 1516; x_wconf 91' lang='lat' dir='ltr'>altera</span> <span class='ocrx_word' id='word_1_18' title='bbox 2075 1460 2267 1543; x_wconf 88' lang='lat' dir='ltr'>pars</span> <span class='ocrx_word' id='word_1_19' title='bbox 2351 1431 2659 1513; x_wconf 88' lang='lat' dir='ltr'>codicis</span> <span class='ocrx_word' id='word_1_20' title='bbox 2744 1430 2868 1512; x_wconf 92' lang='lat' dir='ltr'>in-</span> 
     </span>
     <span class='ocr_line' id='line_1_5' title="bbox 1107 1598 2870 1711; baseline -0.003 -28"><span class='ocrx_word' id='word_1_21' title='bbox 1107 1601 1329 1711; x_wconf 86' lang='lat' dir='ltr'>cipit,</span> <span class='ocrx_word' id='word_1_22' title='bbox 1430 1601 1731 1683; x_wconf 91' lang='lat' dir='ltr'>librum</span> <span class='ocrx_word' id='word_1_23' title='bbox 1830 1600 1940 1682; x_wconf 91' lang='lat' dir='ltr'>ita</span> <span class='ocrx_word' id='word_1_24' title='bbox 2034 1598 2595 1708; x_wconf 89' lang='lat' dir='ltr'>compositum</span> <span class='ocrx_word' id='word_1_25' title='bbox 2683 1624 2870 1679; x_wconf 90' lang='lat' dir='ltr'>esse</span> 
     </span>
     <span class='ocr_line' id='line_1_6' title="bbox 1114 1762 2868 1877; baseline -0.004 -28"><span class='ocrx_word' id='word_1_26' title='bbox 1114 1767 1412 1877; x_wconf 89' lang='lat' dir='ltr'>prodit,</span> <span class='ocrx_word' id='word_1_27' title='bbox 1486 1780 1577 1849; x_wconf 91' lang='lat' dir='ltr'>ut</span> <span class='ocrx_word' id='word_1_28' title='bbox 1647 1765 1975 1848; x_wconf 90' lang='lat' dir='ltr'>duabus</span> <span class='ocrx_word' id='word_1_29' title='bbox 2048 1791 2151 1846; x_wconf 88' lang='lat' dir='ltr'>ex</span> <span class='ocrx_word' id='word_1_30' title='bbox 2221 1762 2594 1873; x_wconf 88' lang='lat' dir='ltr'>partibus</span> <span class='ocrx_word' id='word_1_31' title='bbox 2665 1789 2868 1843; x_wconf 90' lang='lat' dir='ltr'>con-</span> 
     </span>
     <span class='ocr_line' id='line_1_7' title="bbox 1109 1929 2869 2042; baseline -0.004 -27"><span class='ocrx_word' id='word_1_32' title='bbox 1109 1946 1364 2015; x_wconf 84' lang='lat' dir='ltr'>staret</span> <span class='ocrx_word' id='word_1_33' title='bbox 1413 1947 1495 2015; x_wconf 95' lang='lat' dir='ltr'>et</span> <span class='ocrx_word' id='word_1_34' title='bbox 1549 1932 1965 2042; x_wconf 84' lang='lat' dir='ltr'>posterior</span> <span class='ocrx_word' id='word_1_35' title='bbox 2028 1959 2221 2042; x_wconf 88' lang='lat' dir='ltr'>pars</span> <span class='ocrx_word' id='word_1_36' title='bbox 2284 1959 2334 2012; x_wconf 92' lang='lat' dir='ltr'>a</span> <span class='ocrx_word' id='word_1_37' title='bbox 2397 1929 2671 2040; x_wconf 92' lang='lat' dir='ltr'>priore</span> <span class='ocrx_word' id='word_1_38' title='bbox 2735 1956 2869 2010; x_wconf 87' lang='lat' dir='ltr'>se-</span> 
     </span>
     <span class='ocr_line' id='line_1_8' title="bbox 1111 2100 1706 2208; baseline -0.002 -28"><span class='ocrx_word' id='word_1_39' title='bbox 1111 2100 1332 2180; x_wconf 83' lang='lat' dir='ltr'>cerni</span> <span class='ocrx_word' id='word_1_40' title='bbox 1399 2112 1706 2208; x_wconf 89' lang='lat' dir='ltr'>posset.</span> 
     </span>
    </p>

    <p class='ocr_par' dir='ltr' id='par_1_2' title="bbox 1264 2260 2871 2373">
     <span class='ocr_line' id='line_1_9' title="bbox 1264 2260 2871 2373; baseline -0.004 -28"><span class='ocrx_word' id='word_1_41' title='bbox 1264 2264 1499 2345; x_wconf 92' lang='lat' dir='ltr'>Haec</span> <span class='ocrx_word' id='word_1_42' title='bbox 1561 2263 1976 2373; x_wconf 84' lang='lat' dir='ltr'>posterior</span> <span class='ocrx_word' id='word_1_43' title='bbox 2040 2290 2232 2371; x_wconf 88' lang='lat' dir='ltr'>pars</span> <span class='ocrx_word' id='word_1_44' title='bbox 2300 2260 2662 2343; x_wconf 89' lang='lat' dir='ltr'>Missalis</span> <span class='ocrx_word' id='word_1_45' title='bbox 2727 2286 2871 2341; x_wconf 85' lang='lat' dir='ltr'>ex-</span> 
     </span>
    </p>
   </div>
   <div class='ocr_carea' id='block_1_2' title="bbox 1111 2425 2257 2540">
    <p class='ocr_par' dir='ltr' id='par_1_3' title="bbox 1111 2425 2257 2540">
     <span class='ocr_line' id='line_1_10' title="bbox 1111 2425 2257 2540; baseline -0.003 -29"><span class='ocrx_word' id='word_1_46' title='bbox 1111 2430 1305 2540; x_wconf 91' lang='lat' dir='ltr'>cipit</span> <span class='ocrx_word' id='word_1_47' title='bbox 1363 2428 1641 2511; x_wconf 88' lang='lat' dir='ltr'>verbis</span> <span class='ocrx_word' id='word_1_48' title='bbox 1709 2428 1872 2539; x_wconf 90' lang='lat' dir='ltr'>(fol.</span> <span class='ocrx_word' id='word_1_49' title='bbox 1937 2429 2099 2532; x_wconf 86' lang='lat'>148</span> <span class='ocrx_word' id='word_1_50' title='bbox 2134 2425 2257 2536; x_wconf 90' lang='lat' dir='ltr'>a):</span> 
     </span>
    </p>
   </div>
   <div class='ocr_carea' id='block_1_3' title="bbox 1316 2754 2622 2849">
    <p class='ocr_par' dir='ltr' id='par_1_4' title="bbox 1316 2754 2622 2849">
     <span class='ocr_line' id='line_1_11' title="bbox 1316 2754 2622 2849; baseline -0.004 -9"><span class='ocrx_word' id='word_1_51' title='bbox 1316 2760 1679 2840; x_wconf 68' lang='lat' dir='ltr'>Iquo&#39;rne</span> <span class='ocrx_word' id='word_1_52' title='bbox 1728 2754 2245 2849; x_wconf 64' lang='lat' dir='ltr'>mumani&#39;fflix&#39;</span> <span class='ocrx_word' id='word_1_53' title='bbox 2288 2784 2484 2838; x_wconf 66' lang='lat' dir='ltr'>muel,</span> <span class='ocrx_word' id='word_1_54' title='bbox 2530 2785 2622 2836; x_wconf 70' lang='grc' dir='ltr'>(η’</span> 
     </span>
    </p>
   </div>
   <div class='ocr_carea' id='block_1_4' title="bbox 1315 2909 2690 3029">
    <p class='ocr_par' dir='ltr' id='par_1_5' title="bbox 1315 2909 2690 3029">
     <span class='ocr_line' id='line_1_12' title="bbox 1315 2909 2690 3029; baseline -0.002 -24"><span class='ocrx_word' id='word_1_55' title='bbox 1315 2912 1504 3015; x_wconf 62' lang='lat' dir='ltr'>effu,</span> <span class='ocrx_word' id='word_1_56' title='bbox 1541 2979 1554 2991; x_wconf 88' lang='lat'><strong>·</strong></span> <span class='ocrx_word' id='word_1_57' title='bbox 1592 2951 1688 3005; x_wconf 69' lang='lat' dir='ltr'>na,</span> <span class='ocrx_word' id='word_1_58' title='bbox 1732 2925 2112 3004; x_wconf 69' lang='lat' dir='ltr'>mihfflnlo</span> <span class='ocrx_word' id='word_1_59' title='bbox 2157 2909 2290 3004; x_wconf 61' lang='grc' dir='ltr'>(εἷο</span> <span class='ocrx_word' id='word_1_60' title='bbox 2336 2918 2690 3029; x_wconf 61' lang='lat' dir='ltr'>anji&#39;plzlz.</span> 
     </span>
    </p>
   </div>
   <div class='ocr_carea' id='block_1_5' title="bbox 1032 3250 2880 5183">
    <p class='ocr_par' dir='ltr' id='par_1_6' title="bbox 1115 3250 2874 3531">
     <span class='ocr_line' id='line_1_13' title="bbox 1276 3250 2874 3364; baseline -0.003 -26"><span class='ocrx_word' id='word_1_61' title='bbox 1276 3257 1654 3355; x_wconf 91' lang='lat' dir='ltr'>„Initium</span> <span class='ocrx_word' id='word_1_62' title='bbox 1710 3255 2150 3337; x_wconf 88' lang='lat' dir='ltr'>missarum</span> <span class='ocrx_word' id='word_1_63' title='bbox 2201 3253 2722 3364; x_wconf 89' lang='lat' dir='ltr'>propriarum</span> <span class='ocrx_word' id='word_1_64' title='bbox 2767 3250 2874 3333; x_wconf 92' lang='lat' dir='ltr'>de</span> 
     </span>
     <span class='ocr_line' id='line_1_14' title="bbox 1115 3418 2867 3531; baseline -0.003 -26"><span class='ocrx_word' id='word_1_65' title='bbox 1115 3423 1467 3505; x_wconf 75' lang='lat' dir='ltr'>Sanctis</span> <span class='ocrx_word' id='word_1_66' title='bbox 1570 3422 1662 3503; x_wconf 91' lang='lat' dir='ltr'>In</span> <span class='ocrx_word' id='word_1_67' title='bbox 1729 3420 2010 3531; x_wconf 84' lang='lat' dir='ltr'>vigilia</span> <span class='ocrx_word' id='word_1_68' title='bbox 2074 3420 2332 3502; x_wconf 92' lang='lat' dir='ltr'>sancti</span> <span class='ocrx_word' id='word_1_69' title='bbox 2397 3418 2867 3501; x_wconf 89' lang='lat' dir='ltr'>Andreae.“</span> 
     </span>
    </p>

    <p class='ocr_par' dir='ltr' id='par_1_7' title="bbox 1032 3583 2880 5183">
     <span class='ocr_line' id='line_1_15' title="bbox 1269 3583 2877 3695; baseline -0.002 -27"><span class='ocrx_word' id='word_1_70' title='bbox 1269 3587 1511 3694; x_wconf 73' lang='lat' dir='ltr'>Quae</span> <span class='ocrx_word' id='word_1_71' title='bbox 1567 3585 1749 3667; x_wconf 88' lang='lat' dir='ltr'>libri</span> <span class='ocrx_word' id='word_1_72' title='bbox 1796 3612 1988 3695; x_wconf 89' lang='lat' dir='ltr'>pars</span> <span class='ocrx_word' id='word_1_73' title='bbox 2032 3611 2181 3693; x_wconf 89' lang='lat' dir='ltr'>per</span> <span class='ocrx_word' id='word_1_74' title='bbox 2224 3583 2668 3665; x_wconf 90' lang='lat' dir='ltr'>duodecim</span> <span class='ocrx_word' id='word_1_75' title='bbox 2714 3583 2877 3665; x_wconf 91' lang='lat' dir='ltr'>sas-</span> 
     </span>
     <span class='ocr_line' id='line_1_16' title="bbox 1115 3749 2877 3859; baseline -0.003 -24"><span class='ocrx_word' id='word_1_76' title='bbox 1115 3753 1446 3850; x_wconf 78' lang='lat' dir='ltr'>cicu105,</span> <span class='ocrx_word' id='word_1_77' title='bbox 1511 3779 1562 3833; x_wconf 94' lang='lat' dir='ltr'>a</span> <span class='ocrx_word' id='word_1_78' title='bbox 1614 3750 2014 3832; x_wconf 88' lang='lat' dir='ltr'>vicesimo</span> <span class='ocrx_word' id='word_1_79' title='bbox 2068 3776 2336 3859; x_wconf 88' lang='lat' dir='ltr'>usque</span> <span class='ocrx_word' id='word_1_80' title='bbox 2389 3749 2495 3831; x_wconf 94' lang='lat' dir='ltr'>ad</span> <span class='ocrx_word' id='word_1_81' title='bbox 2551 3749 2877 3859; x_wconf 82' lang='lat' dir='ltr'>trigesi-</span> 
     </span>
     <span class='ocr_line' id='line_1_17' title="bbox 1116 3915 2877 4027; baseline -0.003 -27"><span class='ocrx_word' id='word_1_82' title='bbox 1116 3944 1348 4000; x_wconf 94' lang='lat' dir='ltr'>mum</span> <span class='ocrx_word' id='word_1_83' title='bbox 1423 3918 1805 4027; x_wconf 89' lang='lat' dir='ltr'>primum,</span> <span class='ocrx_word' id='word_1_84' title='bbox 1882 3915 2020 4025; x_wconf 91' lang='lat' dir='ltr'>qui</span> <span class='ocrx_word' id='word_1_85' title='bbox 2093 3942 2389 3998; x_wconf 91' lang='lat' dir='ltr'>omnes</span> <span class='ocrx_word' id='word_1_86' title='bbox 2454 3915 2877 4024; x_wconf 90' lang='lat' dir='ltr'>completo</span> 
     </span>
     <span class='ocr_line' id='line_1_18' title="bbox 1116 4082 2876 4175; baseline -0.001 -11"><span class='ocrx_word' id='word_1_87' title='bbox 1116 4096 1615 4167; x_wconf 90' lang='lat' dir='ltr'>octonorum</span> <span class='ocrx_word' id='word_1_88' title='bbox 1720 4082 2108 4163; x_wconf 88' lang='lat' dir='ltr'>foliorum</span> <span class='ocrx_word' id='word_1_89' title='bbox 2210 4107 2560 4163; x_wconf 88' lang='lat' dir='ltr'>numero</span> <span class='ocrx_word' id='word_1_90' title='bbox 2660 4094 2876 4175; x_wconf 90' lang='lat' dir='ltr'>sunt,</span> 
     </span>
     <span class='ocr_line' id='line_1_19' title="bbox 1116 4246 2879 4359; baseline -0.001 -28"><span class='ocrx_word' id='word_1_91' title='bbox 1116 4249 1486 4359; x_wconf 88' lang='lat' dir='ltr'>pertinet.</span> <span class='ocrx_word' id='word_1_92' title='bbox 1605 4249 1713 4330; x_wconf 87' lang='lat' dir='ltr'>Et</span> <span class='ocrx_word' id='word_1_93' title='bbox 1777 4247 2116 4357; x_wconf 91' lang='lat' dir='ltr'>quidem</span> <span class='ocrx_word' id='word_1_94' title='bbox 2182 4247 2459 4357; x_wconf 89' lang='lat' dir='ltr'>priora</span> <span class='ocrx_word' id='word_1_95' title='bbox 2522 4246 2879 4356; x_wconf 90' lang='lat' dir='ltr'>quadra·</span> 
     </span>
     <span class='ocr_line' id='line_1_20' title="bbox 1115 4412 2877 4524; baseline -0.002 -29"><span class='ocrx_word' id='word_1_96' title='bbox 1115 4414 1348 4524; x_wconf 81' lang='lat' dir='ltr'>ginta</span> <span class='ocrx_word' id='word_1_97' title='bbox 1407 4414 1576 4495; x_wconf 92' lang='lat' dir='ltr'>duo</span> <span class='ocrx_word' id='word_1_98' title='bbox 1636 4413 1834 4494; x_wconf 88' lang='lat' dir='ltr'>folia</span> <span class='ocrx_word' id='word_1_99' title='bbox 1886 4413 2329 4521; x_wconf 89' lang='lat' dir='ltr'>Proprium</span> <span class='ocrx_word' id='word_1_100' title='bbox 2388 4412 2493 4494; x_wconf 94' lang='lat' dir='ltr'>de</span> <span class='ocrx_word' id='word_1_101' title='bbox 2545 4412 2877 4494; x_wconf 84' lang='lat' dir='ltr'>Sanctis</span> 
     </span>
     <span class='ocr_line' id='line_1_21' title="bbox 1032 4577 2877 4687; baseline 0.003 -33"><span class='ocrx_word' id='word_1_102' title='bbox 1032 4646 1040 4654; x_wconf 90' lang='lat'><strong><em>.</em></strong></span> <span class='ocrx_word' id='word_1_103' title='bbox 1117 4579 1529 4676; x_wconf 86' lang='lat' dir='ltr'>exhibent,</span> <span class='ocrx_word' id='word_1_104' title='bbox 1576 4606 1627 4660; x_wconf 93' lang='grc'><strong>3</strong></span> <span class='ocrx_word' id='word_1_105' title='bbox 1663 4578 1863 4659; x_wconf 87' lang='lat' dir='ltr'>solio</span> <span class='ocrx_word' id='word_1_106' title='bbox 1918 4579 2078 4681; x_wconf 86' lang='lat'>148</span> <span class='ocrx_word' id='word_1_107' title='bbox 2125 4604 2391 4687; x_wconf 88' lang='lat' dir='ltr'>usque</span> <span class='ocrx_word' id='word_1_108' title='bbox 2435 4577 2543 4658; x_wconf 91' lang='lat' dir='ltr'>ad</span> <span class='ocrx_word' id='word_1_109' title='bbox 2587 4577 2877 4659; x_wconf 87' lang='lat' dir='ltr'>folium</span> 
     </span>
     <span class='ocr_line' id='line_1_22' title="bbox 1130 4741 2875 4852; baseline -0.002 -26"><span class='ocrx_word' id='word_1_110' title='bbox 1130 4769 1293 4850; x_wconf 88' lang='lat'>190</span> <span class='ocrx_word' id='word_1_111' title='bbox 1333 4773 1432 4841; x_wconf 87' lang='grc'><strong>3;</strong></span> <span class='ocrx_word' id='word_1_112' title='bbox 1508 4744 1811 4826; x_wconf 90' lang='lat' dir='ltr'>deinde</span> <span class='ocrx_word' id='word_1_113' title='bbox 1881 4772 1931 4825; x_wconf 98' lang='grc'><strong>3</strong></span> <span class='ocrx_word' id='word_1_114' title='bbox 1993 4743 2194 4824; x_wconf 91' lang='lat' dir='ltr'>solio</span> <span class='ocrx_word' id='word_1_115' title='bbox 2283 4741 2535 4847; x_wconf 88' lang='lat' dir='ltr'>190b</span> <span class='ocrx_word' id='word_1_116' title='bbox 2608 4770 2875 4852; x_wconf 91' lang='lat' dir='ltr'>usque</span> 
     </span>
     <span class='ocr_line' id='line_1_23' title="bbox 1115 4909 2878 4995; baseline -0.002 -3"><span class='ocrx_word' id='word_1_117' title='bbox 1115 4910 1222 4992; x_wconf 93' lang='lat' dir='ltr'>ad</span> <span class='ocrx_word' id='word_1_118' title='bbox 1314 4909 1604 4991; x_wconf 90' lang='lat' dir='ltr'>solium</span> <span class='ocrx_word' id='word_1_119' title='bbox 1694 4934 1847 4990; x_wconf 89' lang='lat'>211</span> <span class='ocrx_word' id='word_1_120' title='bbox 1948 4910 2425 4995; x_wconf 86' lang='lat' dir='ltr'>Commune</span> <span class='ocrx_word' id='word_1_121' title='bbox 2521 4909 2878 4989; x_wconf 81' lang='lat' dir='ltr'>Sancto-</span> 
     </span>
     <span class='ocr_line' id='line_1_24' title="bbox 1117 5072 2880 5183; baseline 0 -29"><span class='ocrx_word' id='word_1_122' title='bbox 1117 5102 1301 5156; x_wconf 91' lang='lat' dir='ltr'>rum</span> <span class='ocrx_word' id='word_1_123' title='bbox 1366 5075 1914 5169; x_wconf 83' lang='lat' dir='ltr'>continuatur,</span> <span class='ocrx_word' id='word_1_124' title='bbox 1983 5073 2216 5155; x_wconf 86' lang='lat' dir='ltr'>cuius</span> <span class='ocrx_word' id='word_1_125' title='bbox 2281 5072 2547 5183; x_wconf 92' lang='lat' dir='ltr'>prima</span> <span class='ocrx_word' id='word_1_126' title='bbox 2619 5073 2880 5155; x_wconf 88' lang='lat' dir='ltr'>verba</span> 
     </span>
    </p>
   </div>
   <div class='ocr_carea' id='block_1_6' title="bbox 1117 5239 1624 5322">
    <p class='ocr_par' dir='ltr' id='par_1_8' title="bbox 1117 5239 1624 5322">
     <span class='ocr_line' id='line_1_25' title="bbox 1117 5239 1624 5322; baseline 0.002 -2"><span class='ocrx_word' id='word_1_127' title='bbox 1117 5239 1321 5322; x_wconf 93' lang='lat' dir='ltr'>haec</span> <span class='ocrx_word' id='word_1_128' title='bbox 1384 5252 1578 5321; x_wconf 87' lang='lat' dir='ltr'>sunt</span> <span class='ocrx_word' id='word_1_129' title='bbox 1611 5269 1624 5321; x_wconf 93' lang='lat'>:</span> 
     </span>
    </p>
   </div>
   <div class='ocr_carea' id='block_1_7' title="bbox 1360 5567 2644 5841">
    <p class='ocr_par' dir='ltr' id='par_1_9' title="bbox 1360 5567 2644 5841">
     <span class='ocr_line' id='line_1_26' title="bbox 1360 5567 2358 5663; baseline 0 -14"><span class='ocrx_word' id='word_1_130' title='bbox 1360 5570 1698 5650; x_wconf 69' lang='lat' dir='ltr'>lloqemo</span> <span class='ocrx_word' id='word_1_131' title='bbox 1742 5596 1827 5650; x_wconf 69' lang='lat' dir='ltr'>co</span> <span class='ocrx_word' id='word_1_132' title='bbox 1872 5598 2067 5650; x_wconf 74' lang='lat' dir='ltr'>nuce</span> <span class='ocrx_word' id='word_1_133' title='bbox 2112 5567 2358 5663; x_wconf 65' lang='lat' dir='ltr'>ou&#39;uie</span> 
     </span>
     <span class='ocr_line' id='line_1_27' title="bbox 1364 5722 2644 5841; baseline 0.001 -27"><span class='ocrx_word' id='word_1_134' title='bbox 1364 5762 1458 5814; x_wconf 84' lang='lat' dir='ltr'>no</span> <span class='ocrx_word' id='word_1_135' title='bbox 1503 5761 1841 5839; x_wconf 70' lang='lat' dir='ltr'>aanoHoy</span> <span class='ocrx_word' id='word_1_136' title='bbox 1884 5722 2017 5814; x_wconf 51' lang='lat' dir='ltr'>effe</span> <span class='ocrx_word' id='word_1_137' title='bbox 2061 5760 2360 5840; x_wconf 64' lang='lat' dir='ltr'>primone</span> <span class='ocrx_word' id='word_1_138' title='bbox 2406 5722 2644 5841; x_wconf 60' lang='lat' dir='ltr'>nplzn-</span> 
     </span>
    </p>
   </div>
   <div class='ocr_carea' id='block_1_8' title="bbox 1358 5884 2353 5982">
    <p class='ocr_par' dir='ltr' id='par_1_10' title="bbox 1358 5884 2353 5982">
     <span class='ocr_line' id='line_1_28' title="bbox 1358 5884 2353 5982; baseline -0.001 -2"><span class='ocrx_word' id='word_1_139' title='bbox 1358 5930 1399 5980; x_wconf 72' lang='grc' dir='ltr'><em>υ</em></span> <span class='ocrx_word' id='word_1_140' title='bbox 1438 5951 1451 5964; x_wconf 90' lang='lat'><strong>·</strong></span> <span class='ocrx_word' id='word_1_141' title='bbox 1484 5929 1581 5981; x_wconf 77' lang='lat' dir='ltr'>na</span> <span class='ocrx_word' id='word_1_142' title='bbox 1624 5900 2008 5982; x_wconf 72' lang='lat' dir='ltr'>Bnlnfflfflo</span> <span class='ocrx_word' id='word_1_143' title='bbox 2046 5884 2353 5982; x_wconf 57' lang='grc'><strong>331133.</strong></span> 
     </span>
    </p>
   </div>
   <div class='ocr_carea' id='block_1_9' title="bbox 3079 931 4853 5847">
    <p class='ocr_par' dir='ltr' id='par_1_11' title="bbox 3079 931 4841 1510">
     <span class='ocr_line' id='line_1_29' title="bbox 3243 931 4841 1040; baseline 0 -29"><span class='ocrx_word' id='word_1_144' title='bbox 3243 931 3700 1040; x_wconf 85' lang='lat' dir='ltr'>„Incipiunt</span> <span class='ocrx_word' id='word_1_145' title='bbox 3773 931 4078 1013; x_wconf 89' lang='lat' dir='ltr'>missae</span> <span class='ocrx_word' id='word_1_146' title='bbox 4143 957 4638 1012; x_wconf 89' lang='lat' dir='ltr'>communes</span> <span class='ocrx_word' id='word_1_147' title='bbox 4709 957 4841 1011; x_wconf 91' lang='lat' dir='ltr'>se-</span> 
     </span>
     <span class='ocr_line' id='line_1_30' title="bbox 3079 1091 4839 1179; baseline 0 -1"><span class='ocrx_word' id='word_1_148' title='bbox 3079 1091 3446 1178; x_wconf 88' lang='lat' dir='ltr'>cundum</span> <span class='ocrx_word' id='word_1_149' title='bbox 3574 1097 3951 1179; x_wconf 88' lang='lat' dir='ltr'>ordinem</span> <span class='ocrx_word' id='word_1_150' title='bbox 4077 1109 4411 1179; x_wconf 91' lang='lat' dir='ltr'>sanctae</span> <span class='ocrx_word' id='word_1_151' title='bbox 4516 1098 4839 1178; x_wconf 89' lang='lat' dir='ltr'>Roma-</span> 
     </span>
     <span class='ocr_line' id='line_1_31' title="bbox 3080 1262 4841 1373; baseline 0.001 -31"><span class='ocrx_word' id='word_1_152' title='bbox 3080 1289 3236 1344; x_wconf 94' lang='lat' dir='ltr'>nae</span> <span class='ocrx_word' id='word_1_153' title='bbox 3301 1262 3716 1344; x_wconf 90' lang='lat' dir='ltr'>ecclesiae.</span> <span class='ocrx_word' id='word_1_154' title='bbox 3815 1263 3904 1344; x_wconf 95' lang='lat' dir='ltr'>In</span> <span class='ocrx_word' id='word_1_155' title='bbox 3973 1262 4256 1373; x_wconf 81' lang='lat' dir='ltr'>vigilia</span> <span class='ocrx_word' id='word_1_156' title='bbox 4322 1262 4566 1344; x_wconf 91' lang='lat' dir='ltr'>unius</span> <span class='ocrx_word' id='word_1_157' title='bbox 4633 1291 4841 1373; x_wconf 92' lang='lat' dir='ltr'>apo-</span> 
     </span>
     <span class='ocr_line' id='line_1_32' title="bbox 3080 1427 3349 1510; baseline -0.004 -1"><span class='ocrx_word' id='word_1_158' title='bbox 3080 1427 3349 1510; x_wconf 85' lang='lat' dir='ltr'>stoli.“</span> 
     </span>
    </p>

    <p class='ocr_par' dir='ltr' id='par_1_12' title="bbox 3081 1593 4842 2035">
     <span class='ocr_line' id='line_1_33' title="bbox 3233 1593 4842 1703; baseline 0.001 -27"><span class='ocrx_word' id='word_1_159' title='bbox 3233 1593 3554 1676; x_wconf 91' lang='lat' dir='ltr'>Ultimo</span> <span class='ocrx_word' id='word_1_160' title='bbox 3681 1594 4042 1703; x_wconf 91' lang='lat' dir='ltr'>denique</span> <span class='ocrx_word' id='word_1_161' title='bbox 4157 1594 4345 1676; x_wconf 91' lang='lat' dir='ltr'>loco</span> <span class='ocrx_word' id='word_1_162' title='bbox 4462 1594 4842 1677; x_wconf 89' lang='lat' dir='ltr'>diversae</span> 
     </span>
     <span class='ocr_line' id='line_1_34' title="bbox 3083 1759 4842 1869; baseline 0.001 -29"><span class='ocrx_word' id='word_1_163' title='bbox 3083 1759 3409 1855; x_wconf 87' lang='lat' dir='ltr'>missae,</span> <span class='ocrx_word' id='word_1_164' title='bbox 3473 1759 3579 1840; x_wconf 90' lang='lat' dir='ltr'>de</span> <span class='ocrx_word' id='word_1_165' title='bbox 3641 1759 3945 1869; x_wconf 88' lang='lat' dir='ltr'>quibus</span> <span class='ocrx_word' id='word_1_166' title='bbox 4007 1787 4207 1841; x_wconf 89' lang='lat' dir='ltr'>mox</span> <span class='ocrx_word' id='word_1_167' title='bbox 4270 1761 4607 1842; x_wconf 89' lang='lat' dir='ltr'>uberius</span> <span class='ocrx_word' id='word_1_168' title='bbox 4673 1761 4842 1842; x_wconf 93' lang='lat' dir='ltr'>dic-</span> 
     </span>
     <span class='ocr_line' id='line_1_35' title="bbox 3081 1925 4394 2035; baseline 0.002 -30"><span class='ocrx_word' id='word_1_169' title='bbox 3081 1937 3315 2007; x_wconf 89' lang='lat' dir='ltr'>turus</span> <span class='ocrx_word' id='word_1_170' title='bbox 3381 1952 3592 2023; x_wconf 91' lang='lat' dir='ltr'>sum,</span> <span class='ocrx_word' id='word_1_171' title='bbox 3659 1925 4116 2035; x_wconf 82' lang='lat' dir='ltr'>dispositae</span> <span class='ocrx_word' id='word_1_172' title='bbox 4181 1938 4394 2007; x_wconf 92' lang='lat' dir='ltr'>sunt.</span> 
     </span>
    </p>

    <p class='ocr_par' dir='ltr' id='par_1_13' title="bbox 3082 2091 4853 5847">
     <span class='ocr_line' id='line_1_36' title="bbox 3236 2091 4842 2201; baseline 0.001 -29"><span class='ocrx_word' id='word_1_173' title='bbox 3236 2091 3516 2198; x_wconf 75' lang='lat' dir='ltr'>Quam</span> <span class='ocrx_word' id='word_1_174' title='bbox 3568 2092 4037 2201; x_wconf 83' lang='lat' dir='ltr'>argumenti</span> <span class='ocrx_word' id='word_1_175' title='bbox 4083 2092 4722 2201; x_wconf 90' lang='lat' dir='ltr'>dispositionem</span> <span class='ocrx_word' id='word_1_176' title='bbox 4775 2092 4842 2174; x_wconf 92' lang='lat' dir='ltr'>si</span> 
     </span>
     <span class='ocr_line' id='line_1_37' title="bbox 3082 2256 4845 2366; baseline 0.001 -29"><span class='ocrx_word' id='word_1_177' title='bbox 3082 2283 3273 2338; x_wconf 91' lang='lat' dir='ltr'>cum</span> <span class='ocrx_word' id='word_1_178' title='bbox 3347 2256 3634 2338; x_wconf 93' lang='lat' dir='ltr'>codice</span> <span class='ocrx_word' id='word_1_179' title='bbox 3706 2257 4194 2366; x_wconf 82' lang='lat' dir='ltr'>glagolitico</span> <span class='ocrx_word' id='word_1_180' title='bbox 4269 2258 4597 2339; x_wconf 91' lang='lat' dir='ltr'>comitis</span> <span class='ocrx_word' id='word_1_181' title='bbox 4663 2259 4845 2339; x_wconf 94' lang='lat' dir='ltr'>No-</span> 
     </span>
     <span class='ocr_line' id='line_1_38' title="bbox 3083 2402 4845 2506; baseline 0.002 -3"><span class='ocrx_word' id='word_1_182' title='bbox 3083 2421 3299 2503; x_wconf 88' lang='lat' dir='ltr'>vakii</span> <span class='ocrx_word' id='word_1_183' title='bbox 3403 2471 3527 2481; x_wconf 91' lang='lat'>-—</span> <span class='ocrx_word' id='word_1_184' title='bbox 3639 2422 3983 2505; x_wconf 91' lang='lat' dir='ltr'>Missale</span> <span class='ocrx_word' id='word_1_185' title='bbox 4085 2436 4213 2505; x_wconf 91' lang='lat' dir='ltr'>est</span> <span class='ocrx_word' id='word_1_186' title='bbox 4316 2402 4845 2506; x_wconf 88' lang='lat' dir='ltr'>membrana-</span> 
     </span>
     <span class='ocr_line' id='line_1_39' title="bbox 3083 2588 4844 2698; baseline 0.001 -29"><span class='ocrx_word' id='word_1_187' title='bbox 3083 2615 3346 2684; x_wconf 91' lang='lat' dir='ltr'>ceum,</span> <span class='ocrx_word' id='word_1_188' title='bbox 3401 2588 3904 2698; x_wconf 81' lang='lat' dir='ltr'>glagoliticis</span> <span class='ocrx_word' id='word_1_189' title='bbox 3959 2589 4566 2671; x_wconf 88' lang='lat' dir='ltr'>characteribus</span> <span class='ocrx_word' id='word_1_190' title='bbox 4619 2616 4844 2671; x_wconf 92' lang='lat' dir='ltr'>anno</span> 
     </span>
     <span class='ocr_line' id='line_1_40' title="bbox 3083 2754 4848 2851; baseline 0 -14"><span class='ocrx_word' id='word_1_191' title='bbox 3083 2774 3660 2839; x_wconf 85' lang='lat' dir='ltr'>MCCCLXVIII</span> <span class='ocrx_word' id='word_1_192' title='bbox 3705 2768 4155 2851; x_wconf 84' lang='lat' dir='ltr'>exaratum,</span> <span class='ocrx_word' id='word_1_193' title='bbox 4215 2755 4293 2836; x_wconf 93' lang='lat' dir='ltr'>in</span> <span class='ocrx_word' id='word_1_194' title='bbox 4349 2754 4848 2838; x_wconf 91' lang='lat' dir='ltr'>bibliotheca</span> 
     </span>
     <span class='ocr_line' id='line_1_41' title="bbox 3086 2919 4849 3029; baseline 0.002 -29"><span class='ocrx_word' id='word_1_195' title='bbox 3086 2919 3732 3001; x_wconf 86' lang='lat' dir='ltr'>Vindobonensi</span> <span class='ocrx_word' id='word_1_196' title='bbox 3816 2921 4181 3029; x_wconf 91' lang='lat' dir='ltr'>palatina</span> <span class='ocrx_word' id='word_1_197' title='bbox 4261 2932 4641 3003; x_wconf 91' lang='lat' dir='ltr'>servatur</span> <span class='ocrx_word' id='word_1_198' title='bbox 4726 2970 4849 2980; x_wconf 97' lang='lat'><strong>—</strong></span> 
     </span>
     <span class='ocr_line' id='line_1_42' title="bbox 3088 3085 4847 3183; baseline 0.001 -16"><span class='ocrx_word' id='word_1_199' title='bbox 3088 3085 3468 3167; x_wconf 88' lang='lat' dir='ltr'>conferre</span> <span class='ocrx_word' id='word_1_200' title='bbox 3532 3086 3792 3183; x_wconf 91' lang='lat' dir='ltr'>lubet,</span> <span class='ocrx_word' id='word_1_201' title='bbox 3885 3113 4055 3168; x_wconf 91' lang='lat' dir='ltr'>non</span> <span class='ocrx_word' id='word_1_202' title='bbox 4122 3087 4406 3168; x_wconf 92' lang='lat' dir='ltr'>omnia</span> <span class='ocrx_word' id='word_1_203' title='bbox 4470 3087 4549 3168; x_wconf 93' lang='lat' dir='ltr'>in</span> <span class='ocrx_word' id='word_1_204' title='bbox 4616 3099 4847 3169; x_wconf 88' lang='lat' dir='ltr'>utro-</span> 
     </span>
     <span class='ocr_line' id='line_1_43' title="bbox 3086 3220 4844 3360; baseline 0.002 -29"><span class='ocrx_word' id='word_1_205' title='bbox 3086 3278 3249 3360; x_wconf 91' lang='lat' dir='ltr'>que</span> <span class='ocrx_word' id='word_1_206' title='bbox 3323 3251 3609 3332; x_wconf 91' lang='lat' dir='ltr'>codice</span> <span class='ocrx_word' id='word_1_207' title='bbox 3682 3251 3789 3333; x_wconf 91' lang='lat' dir='ltr'>ad</span> <span class='ocrx_word' id='word_1_208' title='bbox 3862 3252 4266 3333; x_wconf 83' lang='lat' dir='ltr'>amussim</span> <span class='ocrx_word' id='word_1_209' title='bbox 4331 3220 4844 3334; x_wconf 90' lang='lat' dir='ltr'>concordare</span> 
     </span>
     <span class='ocr_line' id='line_1_44' title="bbox 3089 3416 4844 3527; baseline 0.001 -30"><span class='ocrx_word' id='word_1_210' title='bbox 3089 3416 3322 3498; x_wconf 88' lang='lat' dir='ltr'>facile</span> <span class='ocrx_word' id='word_1_211' title='bbox 3432 3417 3885 3527; x_wconf 89' lang='lat' dir='ltr'>apparebit.</span> <span class='ocrx_word' id='word_1_212' title='bbox 4010 3419 4102 3499; x_wconf 95' lang='lat' dir='ltr'>In</span> <span class='ocrx_word' id='word_1_213' title='bbox 4198 3418 4520 3500; x_wconf 92' lang='lat' dir='ltr'>Missali</span> <span class='ocrx_word' id='word_1_214' title='bbox 4623 3418 4844 3500; x_wconf 91' lang='lat' dir='ltr'>enim</span> 
     </span>
     <span class='ocr_line' id='line_1_45' title="bbox 3089 3581 4847 3694; baseline 0.001 -32"><span class='ocrx_word' id='word_1_215' title='bbox 3089 3581 3454 3664; x_wconf 87' lang='lat' dir='ltr'>Novakii</span> <span class='ocrx_word' id='word_1_216' title='bbox 3526 3596 3721 3692; x_wconf 92' lang='lat' dir='ltr'>post</span> <span class='ocrx_word' id='word_1_217' title='bbox 3782 3584 4106 3681; x_wconf 80' lang='lat' dir='ltr'>missaS,</span> <span class='ocrx_word' id='word_1_218' title='bbox 4189 3611 4399 3694; x_wconf 91' lang='lat' dir='ltr'>quas</span> <span class='ocrx_word' id='word_1_219' title='bbox 4466 3584 4847 3694; x_wconf 88' lang='lat' dir='ltr'>proprias</span> 
     </span>
     <span class='ocr_line' id='line_1_46' title="bbox 3090 3749 4846 3887; baseline 0.001 -58"><span class='ocrx_word' id='word_1_220' title='bbox 3090 3749 3195 3830; x_wconf 90' lang='lat' dir='ltr'>de</span> <span class='ocrx_word' id='word_1_221' title='bbox 3269 3761 3650 3859; x_wconf 91' lang='lat' dir='ltr'>tempore</span> <span class='ocrx_word' id='word_1_222' title='bbox 3714 3749 4087 3847; x_wconf 78' lang='lat' dir='ltr'>dicimuS,</span> <span class='ocrx_word' id='word_1_223' title='bbox 4169 3777 4385 3860; x_wconf 88' lang='lat' dir='ltr'>quae</span> <span class='ocrx_word' id='word_1_224' title='bbox 4441 3749 4571 3887; x_wconf 44' lang='lat' dir='ltr'>’ibi</span> <span class='ocrx_word' id='word_1_225' title='bbox 4646 3749 4846 3831; x_wconf 91' lang='lat' dir='ltr'>solio</span> 
     </span>
     <span class='ocr_line' id='line_1_47' title="bbox 3104 3913 4846 4026; baseline 0.002 -32"><span class='ocrx_word' id='word_1_226' title='bbox 3104 3915 3260 3995; x_wconf 85' lang='lat'>162</span> <span class='ocrx_word' id='word_1_227' title='bbox 3320 3913 3634 4011; x_wconf 90' lang='lat' dir='ltr'>finiunt,</span> <span class='ocrx_word' id='word_1_228' title='bbox 3701 3942 3977 4026; x_wconf 91' lang='lat' dir='ltr'>neque</span> <span class='ocrx_word' id='word_1_229' title='bbox 4034 3916 4634 3997; x_wconf 90' lang='lat' dir='ltr'>Kalendarium</span> <span class='ocrx_word' id='word_1_230' title='bbox 4699 3916 4846 3997; x_wconf 92' lang='lat' dir='ltr'>ad-</span> 
     </span>
     <span class='ocr_line' id='line_1_48' title="bbox 3090 4079 4847 4191; baseline 0.001 -31"><span class='ocrx_word' id='word_1_231' title='bbox 3090 4079 3441 4161; x_wconf 89' lang='lat' dir='ltr'>nectitur</span> <span class='ocrx_word' id='word_1_232' title='bbox 3521 4107 3794 4191; x_wconf 90' lang='lat' dir='ltr'>neque</span> <span class='ocrx_word' id='word_1_233' title='bbox 3872 4081 4148 4163; x_wconf 91' lang='lat' dir='ltr'>statim</span> <span class='ocrx_word' id='word_1_234' title='bbox 4223 4081 4666 4191; x_wconf 89' lang='lat' dir='ltr'>Proprium</span> <span class='ocrx_word' id='word_1_235' title='bbox 4742 4081 4847 4162; x_wconf 89' lang='lat' dir='ltr'>de</span> 
     </span>
     <span class='ocr_line' id='line_1_49' title="bbox 3090 4245 4846 4356; baseline 0.002 -31"><span class='ocrx_word' id='word_1_236' title='bbox 3090 4245 3419 4326; x_wconf 78' lang='lat' dir='ltr'>Sanctis</span> <span class='ocrx_word' id='word_1_237' title='bbox 3484 4246 3877 4356; x_wconf 91' lang='lat' dir='ltr'>sequitur,</span> <span class='ocrx_word' id='word_1_238' title='bbox 3953 4246 4106 4327; x_wconf 90' lang='lat' dir='ltr'>sed</span> <span class='ocrx_word' id='word_1_239' title='bbox 4171 4247 4450 4328; x_wconf 89' lang='lat' dir='ltr'>variae</span> <span class='ocrx_word' id='word_1_240' title='bbox 4518 4247 4846 4341; x_wconf 90' lang='lat' dir='ltr'>missae,</span> 
     </span>
     <span class='ocr_line' id='line_1_50' title="bbox 3089 4411 4849 4522; baseline 0.001 -31"><span class='ocrx_word' id='word_1_241' title='bbox 3089 4437 3303 4520; x_wconf 90' lang='lat' dir='ltr'>quae</span> <span class='ocrx_word' id='word_1_242' title='bbox 3385 4411 3583 4493; x_wconf 84' lang='lat' dir='ltr'>solia</span> <span class='ocrx_word' id='word_1_243' title='bbox 3667 4413 3826 4493; x_wconf 84' lang='lat'>163</span> <span class='ocrx_word' id='word_1_244' title='bbox 3912 4439 4179 4522; x_wconf 89' lang='lat' dir='ltr'>usque</span> <span class='ocrx_word' id='word_1_245' title='bbox 4260 4413 4367 4494; x_wconf 92' lang='lat' dir='ltr'>ad</span> <span class='ocrx_word' id='word_1_246' title='bbox 4464 4413 4624 4493; x_wconf 84' lang='lat'>183</span> <span class='ocrx_word' id='word_1_247' title='bbox 4709 4440 4849 4494; x_wconf 84' lang='lat' dir='ltr'>ex-</span> 
     </span>
     <span class='ocr_line' id='line_1_51' title="bbox 3087 4577 4853 4687; baseline 0.001 -29"><span class='ocrx_word' id='word_1_248' title='bbox 3087 4578 3347 4687; x_wconf 91' lang='lat' dir='ltr'>plent,</span> <span class='ocrx_word' id='word_1_249' title='bbox 3446 4577 3992 4687; x_wconf 89' lang='lat' dir='ltr'>praecedunt;</span> <span class='ocrx_word' id='word_1_250' title='bbox 4089 4590 4267 4660; x_wconf 90' lang='lat' dir='ltr'>tum</span> <span class='ocrx_word' id='word_1_251' title='bbox 4365 4578 4708 4660; x_wconf 91' lang='lat' dir='ltr'>demum</span> <span class='ocrx_word' id='word_1_252' title='bbox 4803 4607 4853 4660; x_wconf 92' lang='lat' dir='ltr'>a</span> 
     </span>
     <span class='ocr_line' id='line_1_52' title="bbox 3087 4742 4850 4852; baseline 0.002 -30"><span class='ocrx_word' id='word_1_253' title='bbox 3087 4742 3287 4823; x_wconf 90' lang='lat' dir='ltr'>solio</span> <span class='ocrx_word' id='word_1_254' title='bbox 3368 4742 3620 4824; x_wconf 79' lang='grc'><strong>1831)</strong></span> <span class='ocrx_word' id='word_1_255' title='bbox 3694 4770 3961 4852; x_wconf 88' lang='lat' dir='ltr'>usque</span> <span class='ocrx_word' id='word_1_256' title='bbox 4034 4744 4141 4825; x_wconf 93' lang='lat' dir='ltr'>ad</span> <span class='ocrx_word' id='word_1_257' title='bbox 4214 4743 4465 4825; x_wconf 89' lang='lat' dir='ltr'>finem</span> <span class='ocrx_word' id='word_1_258' title='bbox 4540 4744 4850 4826; x_wconf 92' lang='lat' dir='ltr'>codicis</span> 
     </span>
     <span class='ocr_line' id='line_1_53' title="bbox 3088 4907 4850 5019; baseline 0.001 -31"><span class='ocrx_word' id='word_1_259' title='bbox 3088 4907 3531 5018; x_wconf 91' lang='lat' dir='ltr'>Proprium</span> <span class='ocrx_word' id='word_1_260' title='bbox 3587 4908 3692 4991; x_wconf 93' lang='lat' dir='ltr'>de</span> <span class='ocrx_word' id='word_1_261' title='bbox 3747 4909 4076 4991; x_wconf 81' lang='lat' dir='ltr'>Sanctis</span> <span class='ocrx_word' id='word_1_262' title='bbox 4139 4936 4329 4991; x_wconf 91' lang='lat' dir='ltr'>cum</span> <span class='ocrx_word' id='word_1_263' title='bbox 4389 4910 4850 5019; x_wconf 91' lang='lat' dir='ltr'>appendice</span> 
     </span>
     <span class='ocr_line' id='line_1_54' title="bbox 3089 5073 4847 5157; baseline 0.001 -1"><span class='ocrx_word' id='word_1_264' title='bbox 3089 5073 3617 5156; x_wconf 86' lang='lat' dir='ltr'>diversorum</span> <span class='ocrx_word' id='word_1_265' title='bbox 3730 5075 4194 5157; x_wconf 86' lang='lat' dir='ltr'>officiorum</span> <span class='ocrx_word' id='word_1_266' title='bbox 4299 5076 4847 5157; x_wconf 90' lang='lat' dir='ltr'>continuatur.</span> 
     </span>
     <span class='ocr_line' id='line_1_55' title="bbox 3092 5240 4853 5350; baseline 0.001 -30"><span class='ocrx_word' id='word_1_267' title='bbox 3092 5240 3489 5321; x_wconf 85' lang='lat' dir='ltr'>Ceterum</span> <span class='ocrx_word' id='word_1_268' title='bbox 3542 5240 3622 5321; x_wconf 93' lang='lat' dir='ltr'>in</span> <span class='ocrx_word' id='word_1_269' title='bbox 3679 5253 4036 5350; x_wconf 88' lang='lat' dir='ltr'>utroque</span> <span class='ocrx_word' id='word_1_270' title='bbox 4091 5241 4375 5324; x_wconf 95' lang='lat' dir='ltr'>codice</span> <span class='ocrx_word' id='word_1_271' title='bbox 4429 5254 4600 5323; x_wconf 90' lang='lat' dir='ltr'>tam</span> <span class='ocrx_word' id='word_1_272' title='bbox 4644 5242 4853 5323; x_wconf 89' lang='lat' dir='ltr'>Pro-</span> 
     </span>
     <span class='ocr_line' id='line_1_56' title="bbox 3090 5405 4851 5517; baseline 0.002 -33"><span class='ocrx_word' id='word_1_273' title='bbox 3090 5405 3362 5515; x_wconf 88' lang='lat' dir='ltr'>prium</span> <span class='ocrx_word' id='word_1_274' title='bbox 3444 5405 3550 5488; x_wconf 93' lang='lat' dir='ltr'>de</span> <span class='ocrx_word' id='word_1_275' title='bbox 3633 5406 3963 5489; x_wconf 85' lang='lat' dir='ltr'>Sanctis</span> <span class='ocrx_word' id='word_1_276' title='bbox 4043 5433 4296 5517; x_wconf 90' lang='lat' dir='ltr'>quam</span> <span class='ocrx_word' id='word_1_277' title='bbox 4373 5408 4851 5489; x_wconf 86' lang='lat' dir='ltr'>Commune</span> 
     </span>
     <span class='ocr_line' id='line_1_57' title="bbox 3092 5570 4850 5682; baseline 0.002 -31"><span class='ocrx_word' id='word_1_278' title='bbox 3092 5570 3597 5653; x_wconf 85' lang='lat' dir='ltr'>Sanctorum</span> <span class='ocrx_word' id='word_1_279' title='bbox 3665 5571 4352 5682; x_wconf 87' lang='lat' dir='ltr'>diversarumque</span> <span class='ocrx_word' id='word_1_280' title='bbox 4408 5573 4850 5654; x_wconf 89' lang='lat' dir='ltr'>missarum</span> 
     </span>
     <span class='ocr_line' id='line_1_58' title="bbox 3092 5735 4851 5847; baseline 0.002 -31"><span class='ocrx_word' id='word_1_281' title='bbox 3092 5735 3362 5817; x_wconf 87' lang='lat' dir='ltr'>officia</span> <span class='ocrx_word' id='word_1_282' title='bbox 3443 5736 3783 5820; x_wconf 92' lang='lat' dir='ltr'>easdem</span> <span class='ocrx_word' id='word_1_283' title='bbox 3865 5737 4111 5847; x_wconf 92' lang='lat' dir='ltr'>plane</span> <span class='ocrx_word' id='word_1_284' title='bbox 4194 5765 4325 5821; x_wconf 92' lang='lat' dir='ltr'>res</span> <span class='ocrx_word' id='word_1_285' title='bbox 4403 5738 4851 5836; x_wconf 91' lang='lat' dir='ltr'>continent,</span> 
     </span>
    </p>
   </div>
   <div class='ocr_carea' id='block_1_10' title="bbox 3093 5901 4851 6012">
    <p class='ocr_par' dir='ltr' id='par_1_14' title="bbox 3093 5901 4851 6012">
     <span class='ocr_line' id='line_1_59' title="bbox 3093 5901 4851 6012; baseline 0.001 -30"><span class='ocrx_word' id='word_1_286' title='bbox 3093 5901 3322 6011; x_wconf 92' lang='lat' dir='ltr'>quod</span> <span class='ocrx_word' id='word_1_287' title='bbox 3360 5901 3522 5983; x_wconf 92' lang='lat' dir='ltr'>iam</span> <span class='ocrx_word' id='word_1_288' title='bbox 3558 5902 4018 5984; x_wconf 86' lang='lat' dir='ltr'>accuratius</span> <span class='ocrx_word' id='word_1_289' title='bbox 4050 5903 4604 6012; x_wconf 89' lang='lat' dir='ltr'>explicaturus</span> <span class='ocrx_word' id='word_1_290' title='bbox 4639 5931 4851 5985; x_wconf 92' lang='lat' dir='ltr'>sum.</span> 
     </span>
    </p>
   </div>
  </div>
 </body>
</html>
