5559 7392
2330 720 2837 785 ..99-

720 957 1271 1039 inveniuntur.
1384 959 1663 1064 Quam
1730 956 2270 1040 vehementer
2332 986 2480 1041 au-

717 1140 887 1208 tem
957 1125 1336 1207 librarius
1418 1173 1533 1185 —
1615 1125 1681 1207 is
1753 1125 1974 1207 enim
2045 1125 2290 1207 huius
2369 1125 2480 1207 rei

721 1305 1161 1402 praecepta
1224 1290 1567 1373 dederat
1634 1340 1740 1349 —-
1812 1291 2271 1373 simulacris
2336 1290 2482 1372 de-

721 1458 1066 1540 lectatus
1120 1458 1246 1554 sit,
1311 1451 1834 1566 inde'potest
1886 1455 2187 1566 colligi,
2253 1456 2484 1565 quod

722 1624 801 1705 in
869 1623 1221 1732 singulis
1295 1623 1542 1705 etiam
1619 1623 1903 1705 litteris
1973 1623 2284 1734 figuras
2349 1623 2483 1704 vel

722 1817 854 1871 res
933 1801 1217 1899 gestas
1300 1788 1611 1898 posuit,
1707 1802 1797 1871 ut
1878 1788 2109 1870 Pauli
2194 1802 2485 1899 pectus

722 1982 909 2065 pag.
968 1956 1020 2036 3
1098 1954 1203 2062 (v.
1260 1955 1397 2065 fig.
1455 1953 1564 2063 4),
1651 1955 1994 2037 Domini
2070 1955 2484 2037 adventus

722 2120 983 2230 portis
1058 2119 1360 2201 clausis
1443 2147 1635 2231 pag.
1708 2141 1891 2226 105,
1979 2120 2085 2230 (v.
2152 2122 2288 2231 fig.
2352 2121 2482 2231 12)

724 2284 1104 2367 Christus
1185 2285 1410 2394 apud
1487 2285 1840 2367 Mariam
1915 2299 1997 2368 et
2070 2287 2485 2370 Martham

723 2477 912 2560 pag.
994 2451 1178 2556 176,
1278 2451 1365 2532 S.
1446 2450 1930 2533 Ludovicus
2026 2480 2217 2562 pag.
2298 2457 2482 2560 178.

725 2618 967 2723 Quae
1023 2644 1321 2698 omnes
1365 2617 1644 2699 variae
1689 2617 2233 2701 dimensionis
2279 2620 2486 2701 ima-

721 2782 1160 2892 gunculae,
1247 2811 1464 2893 quae
1530 2798 1726 2866 sunt
1789 2809 1927 2888 92,
2012 2797 2103 2866 ut
2168 2785 2485 2867 litterae

723 2962 1175 3030 exornatae
1266 2948 1517 3030 variis
1614 2948 2193 3032 columnarum
2283 2951 2488 3033 locis

722 3113 1177 3222 dispositae
1241 3127 1455 3211 sunt,
1542 3114 1802 3196 modo
1868 3116 2262 3198 columna
2323 3119 2487 3227 pri-

723 3306 861 3359 ma
925 3279 1185 3360 modo
1245 3279 1522 3361 media
1585 3280 1846 3362 modo
1905 3292 2297 3379 extrema,
2364 3295 2487 3364 at-

722 3471 886 3553 que
957 3444 1089 3526 hic
1157 3472 1499 3555 quoque
1573 3472 1676 3527 ex
1748 3447 2151 3556 scriptura
2216 3448 2294 3528 in
2369 3449 2488 3529 in-

723 3611 1107 3693 feriorem
1200 3612 1718 3723 pergamenti
1812 3613 2276 3724 marginem
2367 3614 2487 3695 al-

722 3746 925 3859 bum
1000 3777 1513 3886 prominent;
1602 3805 1768 3887 qua
1849 3806 1936 3860 re
2016 3779 2485 3890 elegantem

721 3943 1089 4052 speciem
1134 3971 1332 4053 prae
1377 3971 1468 4025 se
1514 3944 1803 4042 ferunt,
1853 3971 2208 4055 eamque
2253 3972 2487 4054 prae-

722 4109 1005 4191 sertim
1112 4123 1319 4205 tum,
1429 4137 1617 4191 cum
1716 4111 2120 4221 scriptura
2223 4138 2487 4222 angu-

720 4275 1023 4357 stiores
1089 4287 1302 4357 sunt.
1415 4276 1804 4386 Denique
1869 4276 2178 4359 codicis
2244 4304 2487 4358 orna-

722 4452 1096 4522 mentum
1153 4440 1582 4523 conficitur
1636 4442 1896 4524 tribus
1954 4441 2481 4553 imaginibus,

722 4633 939 4716 quae
1058 4607 1632 4715 magnitudine
1745 4621 1941 4690 sunt
2053 4608 2484 4718 plagulae;

722 4783 916 4854 sunt
989 4773 1210 4854 enim
1283 4774 1763 4855 crucifixum
1838 4773 2119 4856 medio
2196 4774 2277 4856 in
2351 4802 2487 4856 ca-

724 4964 978 5035 none,
1064 4938 1601 5021 simulacrum
1678 4940 2101 5022 Hervoiae
2189 4940 2487 5049 equitis

681 5102 830 5212 ¹(v.
869 5105 1005 5213 fig.
1042 5104 1172 5213 18)
1230 5105 1578 5214 eiusque
1635 5105 1963 5214 insigne
2020 5104 2126 5214 (v.
2166 5106 2303 5217 fig.
2341 5104 2481 5214 30)

618 5388 625 5396 .
724 5270 805 5351 in
873 5269 1033 5352 fine
1098 5270 1410 5352 codicis
1475 5271 1867 5379 positum.

870 5436 1153 5546 Atque
1228 5436 1606 5518 librarius
1681 5447 1771 5518 ut
1844 5437 2158 5546 pictori,
2236 5465 2485 5548 quem

721 5601 877 5683 hac
965 5601 1516 5711 dispositione
1605 5600 1713 5683 ad
1799 5629 1953 5684 sua
2050 5617 2492 5713 praecepta

723 5768 1139 5876 alligabat,
1208 5767 1445 5876 quasi
1513 5767 1683 5849 dux
1747 5769 2075 5866 exstitit,
2143 5769 2255 5850 ita
2309 5769 2488 5851 eius

722 5946 984 6015 artem
1084 5934 1388 6016 finibus
1491 5934 1756 6015 multo
1863 5934 2489 6044 angustioribus

722 6098 1359 6209 circumscripsit
1423 6099 1701 6181 electis
1768 6099 1863 6180 iis
1928 6111 2204 6181 textus
2260 6099 2485 6197 locis,

2696 959 2836 1069 qui
2895 960 3168 1040 ornari
3232 958 3668 1055 debebant,
3740 971 3819 1039 et
3882 958 4310 1040 destinatis
4365 959 4460 1040 iis

2695 1124 3365 1234 cogitationibuS,
3453 1123 3756 1234 quibus
3829 1124 3940 1205 illi
4015 1137 4249 1206 erant
4323 1151 4458 1203 or-

2697 1289 2970 1371 nandi

2750 1567 2755 1570 -
2866 1455 3228 1537 Proinde
3357 1468 3957 1566 pertractemus
4084 1454 4462 1563 singulas

2697 1621 3195 1731 imaginum·
3268 1648 3401 1704 res
3501 1621 3967 1702 secundum
4070 1633 4463 1730 quattuor

2696 1799 2973 1869 textus
3037 1788 3477 1869 sectiones.
3591 1786 4116 1868 Ordiendum
4181 1797 4462 1867 autem

2699 1966 2827 2035 est
2907 1981 2958 2034 a
3039 1954 3315 2034 missis
3396 1952 3501 2034 ad
3586 1952 3984 2033 circulum
4066 1951 4258 2032 anni
4335 1977 4463 2030 ec-

2699 2119 3131 2201 clesiastici
3206 2118 3682 2200 distributis
3791 2116 4215 2198 Librarius
4289 2142 4463 2196 cer-

2699 2299 2877 2367 tum
2944 2285 3348 2381 ordinem,
3416 2284 3553 2393 qui
3622 2282 3729 2364 ad
3795 2295 4059 2365 artem
4126 2308 4465 2363 revoca-

2698 2466 2834 2534 tus
2917 2463 3158 2548 esset,
3245 2451 3324 2531 in
3410 2448 3887 2560 digerendis
3960 2447 4465 2558 imaginibus

2701 2642 3236 2728 nequaquam
3328 2627 3662 2697 secutus
3745 2641 4018 2724 neque
4101 2614 4463 2695 maiores

2700 2785 3062 2893 picturas
3154 2782 3423 2863 forma
3514 2781 3920 2890 quadrata
4015 2792 4097 2861 et
4190 2779 4462 2860 latitu-

2700 2950 2894 3031 dine
2994 2949 3435 3030 columnae
3533 2946 3990 3058 euangeliis
4086 2972 4466 3028 summo-

2702 3143 2886 3198 rum
2976 3115 3378 3197 festorum
3460 3113 3594 3196 vel
3685 3114 4009 3195 dierum
4106 3112 4464 3194 domini-

2700 3309 2993 3363 corum
3078 3292 3653 3363 reservaverat
3734 3307 4005 3388 neque
4097 3280 4464 3360 minores

2700 3447 3199 3529 lectionibus
3304 3457 3384 3528 et
3484 3445 3860 3555 epistulis
3955 3444 4460 3540 attribuerat,

2699 3613 2851 3696 sed
2933 3613 3016 3695 id
3100 3624 3406 3721 egerat,
3500 3624 3591 3693 ut
3684 3611 3880 3693 artis
3973 3622 4467 3691 ornamenta

2697 3805 2954 3889 quam
3020 3777 3380 3859 maxime
3444 3777 3878 3858 variarent.
3978 3775 4158 3858 Etsi
4217 3774 4465 3883 igitur

2701 3945 3062 4026 maiores
3140 3943 3551 4053 imagines
3635 3943 4129 4052 plerumque
4204 3967 4463 4022 euan-

2697 4110 2937 4220 geliis
2991 4109 3378 4220 gravium
3426 4109 3826 4191 festorum
3871 4106 4123 4204 addit,
4185 4120 4463 4188 tamen

2701 4276 3116 4359 interdum
3192 4274 3570 4385 singulas
3645 4299 3984 4383 quoque
4067 4272 4466 4354 lectiones

2701 4443 2859 4526 illis
2943 4442 3266 4524 instruit
3358 4441 3587 4523 nulla
3669 4440 3849 4538 alia,
3942 4451 4030 4520 ut
4112 4438 4461 4534 videtur,

2700 4581 2964 4691 causa·
3018 4608 3171 4689 nisi
3238 4606 3575 4689 libidine
3639 4605 4009 4687 variandi
4084 4630 4465 4686 commo-

2699 4786 2856 4856 tus.
2926 4774 3120 4881 Qua
3163 4774 3483 4854 ratione
3529 4772 3701 4853 fieri
3747 4772 4036 4881 potuit,
4094 4783 4184 4852 ut
4229 4795 4466 4878 prae-

2699 4953 2825 5021 ter
2905 4939 3196 5020 solitas
3279 4952 3361 5020 et
3433 4936 4037 5019 consuetudine
4118 4936 4466 5018 usitatas

2701 5133 2833 5188 res
2907 5133 3010 5187 ex
3087 5131 3318 5186 novo
3395 5115 3901 5186 testamento
3977 5103 4464 5212 desumptas

2700 5273 3110 5382 imagines
3182 5271 3288 5352 ad
3362 5270 3795 5380 antiquum
3871 5280 4463 5350 testamentum

2701 5437 3205 5547 pertinentes
3257 5436 3613 5517 adferret
3656 5461 3927 5543 neque
3983 5435 4062 5514 in
4109 5433 4234 5514 his
4287 5432 4464 5541 pin-

2699 5601 3004 5712 gendis
3094 5602 3351 5683 firmis
3442 5611 3692 5710 typus
3785 5599 4460 5710 adstringeretur.

2700 5770 3140 5850 Praeterea
3212 5794 3416 5849 vero
3492 5766 3859 5848 minores
3934 5766 4301 5875 picturae
4383 5765 4464 5845 in

2699 5933 3219 6015 altitudinem
3266 5947 3347 6015 et
3391 5933 3907 6015 latitudinem
3952 5946 4332 6016 extentae
4376 5945 4466 6014 ut

2699 6098 2808 6179 ad
2885 6098 3325 6209 euangelia
3404 6098 3892 6208 explicanda
3970 6098 4468 6180 adhibentur

3947 6248 4041 6300 13*
