5559 7392
2796 686 3305 750 -30—

850 965 874 1045 ἱ
1185 949 1671 1049 ling-*fflfflsslie
1739 946 2241 1040 ⁶stllbanescn,
2308 944 2940 1026 Abrahemsche

1185 1113 1343 1193 liius,
1424 1141 1619 1189 main
1701 1111 2058 1222 heiligen
2135 1111 2436 1209 Grabe‚
2512 1111 2688 1192 und
2763 1123 2945 1192 sust

1178 1281 1282 1357 wil
1395 1281 1845 1361 ‘munit-her
1943 1278 2273 1359 Heiden
2380 1278 2528 1359 mit
2634 1277 2940 1388 langen

1088 1537 1102 1549 ι
1182 1445 1503 1540 Ι-ὲιςτὴῑμτιῃ
1587 1473 1940 1553 gna-{sen
2016 1445 2409 1527 Beiichen
2487 1442 2939 1555 (Bauchen)

1062 1631 1118 1673 ε’
1174 1609 1447 1689 hulten
1559 1613 1807 1693 hiltun
1915 1610 2085 1692 und
2182 1611 2488 1719 langen
2585 1609 2938 1718 goltern.

1861 1777 2103 1859 Auch
2200 1790 2407 1858 wart
2497 1776 2644 1857 der
2735 1775 2953 1856 Hoff

1862 1963 2041 2025 VIII
2085 1955 2278 2052 tage
2331 1942 2762 2052 virtzogen
2818 1941 2941 2022 als

1864 2134 1952 2189 er
2016 2107 2261 2189 sollte
2326 2133 2722 2216 gewesen
2789 2106 2937 2203 sin,

1861 2273 2032 2355 und
2089 2274 2219 2354 ein
2274 2273 2542 2354 Ritter
2595 2301 2740 2354 usz
2797 2273 2944 2354 der

1865 2439 2196 2522 Slesien
2310 2452 2685 2550 genannt
2797 2438 2945 2519 her

1528 2605 1947 2686 Nenische
2027 2603 2168 2686 hat
2249 2604 2401 2686 das
2484 2604 2718 2687 beste
2792 2631 2942 2715 ge-

1523 2773 1775 2853 thaim
1875 2771 2046 2852 und
2139 2772 2268 2853 ein
2371 2771 2705 2854 Knecht
2799 2800 2945 2853 usz

1527 2937 1996 3019 miei-reich
2051 2937 2242 3019 dem
2298 2938 2423 3019 sin
2490 2941 2723 3046 zwey
2779 2939 2943 3018 vir-

1523 3105 1814 3185 tleclzte
1868 3103 2095 3184 Rosz
2148 3103 2492 3185 worden
2559 3103 2707 3185 mit
2757 3104 2944 3213 giil·

1527 3269 1787 3349 ‹fleme-n
1829 3267 2000 3350 und
2042 3267 2451 3349 silbernen
2490 3263 2942 3379 Huvysef‘)

1339 3437 1651 3513 Eadem
1735 3434 2174 3516 occasione
2250 3435 2444 3516 data
2526 3435 2946 3518 chronista

914 3491 1070 3743 b
1182 3603 1691 3681 l³ljilsl.ff].[j,1'ffl'1]
1735 3600 2311 3682 ornatissimus
2346 3602 2702 3684 Ioannes
2737 3603 2948 3684 Dlu-

858 3742 962 3950 J*
1182 3794 1339 3869 ψει
1411 3765 1483 3845 in
1559 3769 1767 3845 llist.
1836 3765 2131 3846 Polon.
2212 3763 2288 3874 (l.
2354 3787 2490 3849 XI.
2556 3767 2942 3850 editionis

886 3956 926 4046 j
971 3881 1022 3922 ἢ
1186 3933 1471 4034 Ignatii
1531 3933 1852 4037 Ἄρῃ-[113
1897 3931 2155 4029 Pauli,
2213 3932 2672 4016 Cracoviae
2726 3946 2777 4015 t.
2813 3955 2938 4032 IV,

876 4081 880 4082 ⁷
1180 4124 1368 4206 pag.
1424 4120 1869 4200 14o-141,
1934 4096 2183 4206 1877)
2241 4098 2565 4196 eodem,
2624 4112 2714 4181 ut
2764 4100 2940 4181 veri

1178 4262 1444 4344 simile
1520 4275 1676 4360 est,
1763 4263 1990 4345 fonte
2063 4291 2267 4345 usus
2341 4264 2546 4346 haec
2618 4293 2942 4348 memo-

1178 4428 1343 4510 riae
1425 4428 1722 4510 tradit:
1831 4429 2069 4525 „Rex
2151 4430 2598 4512 Bossensis
2681 4433 2943 4514 Char-

1177 4621 1359 4675 wen
1435 4592 1843 4703 (Carwen,
1915 4594 2126 4675 Cod.
2196 4595 2443 4677 Rozr.
2514 4596 2941 4706 Herwoia)

1178 4786 1330 4841 sua
1396 4772 1479 4840 et
1541 4787 1743 4841 suae
1809 4760 2221 4842 consortis
2286 4763 2755 4869 praesentia
2820 4763 2944 4844 lu-

1179 4924 1381 5007 dum
1439 4926 1657 5007 hunc
1706 4925 2245 5007 celebriorem
2294 4927 2697 5024 effecerat,
2753 4956 2943 5010 cum

1179 5104 1261 5171 et
1324 5091 1451 5173 sui
1519 5091 1819 5172 milites
1885 5091 2101 5173 altae
2167 5104 2248 5173 et
2313 5119 2708 5200 procerae
2774 5107 2944 5176 sta—

1179 5270 1435 5352 turae,
1522 5257 1832 5338 strenui
1909 5271 1990 5339 et
2062 5258 2415 5340 animosi
2504 5259 2582 5340 in
2658 5287 2945 5371 pugna

1181 5436 1773 5532 spectarentur.
1792 5433 1826 5465 ‘⁴

1334 5590 1528 5670 Hoc
1573 5589 1761 5670 loco
1808 5590 2409 5700 Sigismundus
2455 5619 2598 5673 rex
2643 5592 2943 5673 fortem

1181 5767 1262 5836 et
1341 5756 1775 5865 egregium
1857 5756 2322 5837 Hervoiam
2405 5757 2695 5838 ultima
2764 5757 2946 5839 vice

1178 5920 1422 6016 vidit;
1482 5922 1619 6030 qui
1667 5935 1885 6004 certe
1932 5922 2380 6032 praecipuo
2435 5922 2758 6005 honore
2815 5949 2949 6003 or-

1181 6100 1424 6169 natus
1507 6101 1652 6169 est.
1774 6089 1971 6183 Sed,
2062 6102 2151 6170 ut
2234 6116 2336 6170 ex
2418 6086 2717 6171 chartis
2800 6116 2948 6198 ap-

3153 956 3407 1053 paret,
3458 943 3775 1025 Sandal
3836 943 4153 1041 „fidelis
4202 957 4485 1025 noster
4530 944 4920 1026 dilectus“

3152 1108 3619 1218 appellatus
3668 1123 3815 1204 est,
3865 1137 4052 1191 cum
4101 1109 4478 1191 Hervoia
4524 1110 4921 1219 paulatim

3164 1275 3587 1384 „capitalis
3655 1290 3942 1357 noster
4007 1276 4411 1357 infidelis“
4485 1276 4736 1358 fieret.

3309 1441 3639 1548 Quibus
3703 1441 4225 1523 solemnibus
4289 1454 4482 1550 post
4545 1441 4923 1523 Hervoia

3156 1621 3376 1690 certe
3431 1635 3601 1688 non
3657 1621 4024 1690 mutatus
4070 1621 4196 1689 est
4242 1635 4512 1718 neque
4561 1608 4922 1689 necessi-

3153 1773 3550 1868 tudinem,
3600 1801 3854 1883 quam
3903 1774 4063 1854 iam
4109 1787 4300 1856 ante
4347 1801 4534 1855 cum
4569 1774 4922 1855 Venetis

3154 1938 3536 2037 habebat,
3585 1940 3950 2037 resolvit,
4014 1967 4203 2021 cum
4257 1953 4719 2049 magnateS,
4780 1940 4920 2049 qui

3155 2104 3707 2216 Sigismundo
3800 2133 4134 2215 semper
4214 2106 4504 2188 fideles
4588 2134 4921 2189 manse-

3157 2286 3365 2370 runt,
3442 2273 3523 2353 in
3589 2273 4056 2355 Hervoiam
4131 2273 4293 2354 iam
4370 2273 4511 2354 diu
4581 2285 4923 2382 propter

3152 2451 3536 2547 acceptas
3605 2438 3938 2519 iniurias
4007 2437 4324 2519 infestis
4388 2450 4669 2519 essent
4744 2437 4920 2518 ani-

3158 2604 3335 2685 mis.
3383 2606 3667 2714 Atque
3712 2603 4089 2685 Hervoia
4134 2631 4304 2685 non
4353 2604 4630 2685 minus
4665 2630 4918 2714 quam

3165 2796 3425 2880 „gran
3507 2769 3875 2851 vaivoda
3965 2770 4045 2851 di
4138 2770 4505 2850 Bosnia“
4606 2769 4921 2851 Sandal

3159 2934 3436 3046 (Arch.
3474 2937 3773 3018 Venet.
3831 2949 3882 3017 t.
3931 2957 4028 3037 X,
4074 2963 4244 3046 reg.
4298 2934 4487 3043 164)
4545 2963 4747 3017 suos
4804 2936 4922 3017 le—

3156 3114 3404 3211 gatos
3514 3115 4031 3212 agentesque
4146 3100 4435 3182 habuit
4546 3101 4920 3211 Ragusii‚

3159 3268 3587 3363 Venetiae,
3657 3268 3737 3348 in
3798 3268 4132 3366 Bosnia,
4202 3267 4341 3378 qui
4412 3294 4580 3348 non
4647 3266 4923 3348 solum

3160 3433 3340 3514 vice
3408 3434 3995 3516 mandatorum
4062 3434 4394 3543 publica
4459 3433 4925 3542 fungeban-

3158 3612 3310 3697 tur,
3388 3601 3537 3683 sed
3603 3600 3825 3682 haud
3891 3629 4077 3683 raro
4146 3601 4394 3684 etiam
4461 3601 4922 3683 eorundem

3156 3792 3473 3862 causas,
3543 3766 3864 3847 etiamsi
3930 3794 4183 3876 saepe
4240 3765 4712 3847 commodis
4771 3766 4924 3846 do-

3155 3931 3574 4012 minorum
3611 3931 3829 4014 feudi
3868 3945 4450 4042 repugnarent,
4489 3930 4926 4042 diligenter

3155 4097 3892 4206 persequebantur.

3294 4262 3589 4372 Neque
3629 4262 3948 4343 difficile
3986 4262 4133 4344 fuit
4166 4262 4681 4371 suspiciones
4718 4263 4928 4345 Her-

3156 4428 3402 4510 voiae
3483 4427 3984 4510 infidelitatis
4066 4427 4592 4538 investigare.
4696 4430 4920 4510 Nam

3158 4593 3758 4704 Sigismundus
3824 4593 3895 4675 ei
3963 4621 4298 4703 semper
4369 4609 4663 4704 parum
4731 4594 4922 4676 fidei

3155 4759 3435 4842 tribuit
3488 4773 3568 4841 et
3620 4759 3937 4840 amicos
3991 4758 4457 4841 benevolos
4511 4760 4923 4869 superbus

3156 4926 3618 5007 Bosnensis
3691 4925 3981 5007 habuit
4056 4925 4355 5007 nullos
4485 4928 4923 5009 Amicitiae

3158 5118 3362 5174 vero
3408 5105 3488 5173 et
3531 5091 4171 5202 propinquitatis
4216 5092 4551 5173 vincula
4602 5093 4920 5174 tamdiu

3157 5271 3479 5339 tanturn
3581 5258 4024 5355 durabant,
4132 5258 4530 5368 quamdiu
4620 5273 4920 5368 potens

3159 5438 3353 5507 erat.
3481 5426 3781 5507 Paucis
3879 5426 4252 5536 quidem,
4352 5426 4502 5507 sed
4598 5426 4919 5508 veritati

3155 5591 3749 5673 convenienter
3853 5618 4140 5672 casum
4235 5590 4662 5675 Hervoiae
4767 5590 4920 5672 du-

3159 5757 3274 5839 cis
3357 5756 3746 5838 describit
3826 5757 4417 5866 Traguriensis
4502 5756 4923 5838 chronista

3161 5922 3526 6004 Andreis
3628 5921 3933 6031 (MSS.
4024 5923 4149 6004 cit.
4243 5949 4432 6031 pag.
4514 5947 4637 6003 121
4694 5921 4919 6026 ab):

3172 6090 3313 6187 „In
3378 6089 3646 6198 questi
3704 6088 3960 6197 tempi
4031 6087 4324 6199 (1413)
4393 6115 4780 6170 successe
4847 6087 4924 6168 la
