5559 7392
2911 1390 3073 1468 DE

1075 1758 1906 1928 MlssALl
2015 1755 3631 1928 GLAGOLmCO
3738 1756 4914 1986 HERVQAE

1899 2203 3110 2310 COMMENTATIO
3202 2202 4093 2309 HISTORICA.

2274 3111 2437 3204 De
2500 3111 3037 3204 Hervoiae
3104 3112 3394 3203 ducis
3455 3112 3708 3203 vita.

1839 3415 2182 3496 Missale
2279 3415 2441 3497 hoc
2534 3414 2883 3495 domino

1218 3649 1219 3657 Ν
1358 3554 1451 3641 ζ
1492 3537 1556 3570 ⁸
1695 3581 2118 3662 Ilervoiae
2181 3580 2368 3662 duci
2434 3578 2886 3661 illustrissi-

1330 3830 1359 3865 d
1695 3774 1876 3829 mae
1945 3746 2297 3828 civitatis
2364 3744 2887 3855 spalatensis

1687 3910 2158 3993 dedicatum
2198 3911 2365 3993 fuit.
2422 3911 2702 4018 Quam
2743 3909 2891 3990 de—

1193 4070 1198 4084 '
1309 4159 1310 4166 x
1399 4077 1900 4158 iiientitffsnem
1963 4089 2291 4186 praeter
2352 4088 2673 4157 textum
2739 4102 2885 4158 co—

1399 4245 1599 4321 dicis
1643 4255 2134 4325 attestantur
2176 4244 2536 4353 primum
2586 4242 2885 4326 a'dum-

1407 4413 1671 4490 bratim
1709 4409 2135 4493 elarissimi
2182 4410 2415 4492 ducis
2451 4413 2882 4522 equestris

1390 4577 1687 4657 deinde
1747 4577 1922 4659 eius
1975 4604 2208 4659 arma
2262 4576 2611 4686 depicta,
2667 4604 2884 4687 quae

1403 4741 1707 4821 mise-:nli
1804 4742 2087 4825 addita
2169 4743 2446 4852 Operis
2530 4744 2884 4853 pretium

1797 4909 2019 4991 haud
2114 4910 2454 4991 minime
2545 4925 2882 5021 augent.

1966 5076 2268 5186 Neque
2309 5074 2585 5158 solum
2634 5103 2885 5187 argu-

1426 5241 1459 5249 ”
1539 5291 1543 5313 ·
1607 5210 1781 5326 -41
1879 5255 2256 5324 mentum
2322 5242 2654 5340 codiciS,
2732 5215 2884 5324 sed

1665 5377 1675 5381 ι
1877 5406 2126 5488 etiam
2220 5434 2587 5517 persona
2681 5408 2881 5504 eius

1339 5567 1560 5630 Fig·¹7·
1879 5572 2007 5653 cui
2095 5571 2472 5654 librarius
2554 5572 2883 5655 artifex-

1116 5763 1281 5845 que
1354 5736 1599 5818 huius
1676 5737 1956 5846 operis
2029 5737 2496 5820 studiorum
2572 5739 2883 5820 fructus

1117 5901 1624 6000 obtulerant,
1739 5902 2148 5984 artissime
2243 5930 2434 5985 cum
2544 5904 2886 5986 historia

1115 6068 1350 6177 regni
1422 6068 1787 6150 Bosniae
1862 6068 2272 6151 cohaeret.

3243 3415 3644 3495 Attamen
3689 3440 4410 3524 supervacaneum
4457 3412 4702 3495 nobis
4740 3412 4864 3493 vi-

3098 3579 3341 3661 detur
3412 3580 3567 3661 hac
3640 3580 4081 3662 occasione
4155 3580 4438 3662 oblata
4521 3578 4861 3676 domini,

3100 3746 3233 3828 vel
3280 3758 3370 3827 ut
3413 3747 3783 3856 praecise
3830 3747 4295 3856 loquamur,
4343 3745 4605 3856 reguli
4645 3746 4863 3825 Her-

3099 3913 3345 3994 voiae
3439 3912 3697 3994 vitam
3793 3938 4198 3994 enarrare.
4322 3911 4620 3993 Paucis
4707 3910 4861 4021 igi-

3098 4091 3231 4160 tur
3330 4078 3756 4159 Hervoiae
3858 4105 4308 4188 personam
4416 4076 4860 4159 illustrabi-

3101 4271 3319 4342 mus,
3413 4243 3493 4325 in
3586 4271 3754 4353 qua
3845 4243 4507 4353 magnitudinem
4592 4269 4859 4352 quan-

3100 4407 3294 4489 dam
3380 4435 3567 4490 esse
3651 4408 3941 4519 negari
4016 4410 4322 4519 nequit.
4458 4410 4594 4490 De
4683 4408 4861 4490 eius

3099 4577 3269 4657 vita
3349 4589 3630 4657 autem
3713 4574 4179 4658 tractabant
4251 4575 4603 4658 Simeon
4661 4573 4860 4683 Lju-

3098 4742 3230 4823 bie
3320 4742 3398 4822 in
3496 4742 3911 4852 ephemer.
4000 4741 4263 4823 Acad.
4349 4740 4859 4851 Zagrabien-

3098 4908 3234 5006 sis,
3298 4919 3349 4988 t.
3401 4928 3690 4991 XXVI.
3746 4933 3936 5017 pag.
3988 4928 4288 5014 74—92
4350 4906 4510 4988 sub
4570 4906 4856 4989 titulo:

3097 5072 3689 5182 Povjestnieka
3788 5071 4313 5181 iztraiivanja
4412 5100 4464 5153 o
4560 5070 4858 5180 Hrvoji

3096 5239 3468 5321 velikom
3531 5239 4053 5322 bosanskom
4107 5238 4455 5348 vojvodi
4506 5238 4527 5319 i
4576 5237 4859 5348 spljet-

3097 5406 3342 5488 skom
3402 5406 3767 5516 hercegu
3835 5455 3942 5464 —
4021 5405 4675 5515 Disquisitiones
4737 5404 4862 5485 hi—

3041 5572 3448 5657 storicae
3518 5598 3772 5680 super
3834 5571 4212 5687 Hervoia
4291 5597 4604 5680 magno
4676 5570 4861 5651 voi—

3096 5737 3322 5819 voda
3392 5737 3808 5819 Bosnensi
3892 5750 3974 5819 et
4045 5737 4256 5818 duce
4333 5736 4857 5846 Spalatensi3

3096 5904 3200 5985 de
3254 5904 3432 5986 eius
3489 5903 3811 6012 origine
3866 5903 4437 5985 disseruerunt
4493 5900 4861 5983 Hilarius

3098 6070 3533 6151 Ruvarac:
3640 6066 3703 6150 O
3795 6094 3986 6176 pony
4076 6065 4383 6178 Xpssoja
4473 6092 4861 6150 Beslmtora
