5559 7392
2261 724 2354 732 -
2478 704 2605 752 111

672 946 1282 1056 circumplicata
1345 945 1679 1027 alterius
1746 943 2098 1025 ornandi
2164 957 2433 1051 syste-

672 1113 914 1194 matis
981 1125 1107 1194 est
1174 1111 1278 1221 (V.
1327 1111 1463 1220 fig.
1517 1108 1629 1218 1);
1699 1138 1864 1219 qua
1929 1136 2016 1190 re
2082 1109 2435 1189 demon-

671 1291 976 1360 stratur
1067 1278 1349 1358 omnia
1431 1276 1940 1385 exemplaria
2022 1275 2101 1355 in
2188 1301 2433 1355 usum

672 1456 972 1526 vocata
1045 1471 1253 1540 esse,
1340 1454 1759 1552 quotquot
1842 1468 1945 1522 eo
2031 1441 2220 1520 loco
2296 1438 2434 1520 ubi

671 1608 1185 1692 scribebatur
1268 1608 1476 1689 forte
1560 1606 1990 1688 adfuerint.
2076 1604 2437 1686 Litterae

672 1788 956 1857 autem
1013 1775 1273 1856 modo
1332 1773 1795 1883 insignibus
1850 1784 2193 1852 ornatae
2247 1783 2440 1851 sunt

676 1945 780 2051 (v.
829 1942 966 2051 fig.
1021 1962 1146 2047 17,
1199 1940 1330 2050 19)
1392 1939 1650 2021 modo
1712 1939 1961 2020 rebus
2021 1964 2123 2017 ex
2181 1936 2438 2017 histo-

672 2109 790 2189 ria
886 2107 1395 2216 desumptis;
1493 2106 1655 2186 hoc
1750 2131 1940 2185 cum
2041 2103 2157 2198 fit,
2261 2114 2437 2183 tum

673 2274 943 2384 capita
1019 2287 1338 2356 tantum
1407 2272 1542 2353 vel
1611 2270 2140 2380 semifigurae
2214 2270 2441 2349 inve-

672 2442 1007 2522 niuntur
1081 2450 1163 2520 et
1235 2465 1487 2547 quam
1564 2449 1900 2545 compte
1974 2436 2439 2544 eleganter-

673 2634 836 2716 que
910 2606 1039 2686 hic
1111 2603 1399 2686 artifex
1475 2602 1886 2684 eiusmodi
1952 2602 2265 2710 figuras
2329 2599 2434 2680 ad

672 2772 1123 2858 decorandi
1181 2798 1428 2852 usum
1482 2757 1838 2850 formare
1892 2768 2114 2864 sciat,
2175 2767 2435 2848 docu-

673 2953 956 3020 mento
1017 2949 1211 3019 sunt
1275 2935 1717 3018 simulacra
1763 2934 1997 3015 Pauli
2058 2932 2162 3042 (v.
2190 2933 2324 3042 fig.
2352 2931 2435 3038 4)

673 3117 753 3186 et
827 3103 1173 3184 Domini
1251 3102 1512 3212 portis
1586 3100 1890 3182 clausis
1963 3098 2438 3208 apparentis

608 3338 610 3342 .
677 3269 782 3379 (v.
821 3269 956 3378 fig.
998 3267 1128 3368 12)
1198 3267 1326 3349 hic
1384 3266 1749 3376 repetita.
1836 3267 2119 3374 Atque
2177 3263 2436 3345 modo
2523 3256 2526 3259 ’

673 3462 819 3543 per
881 3434 1157 3515 iocum
1221 3432 1468 3514 facies
1528 3432 1606 3512 in
1664 3431 1926 3512 alveis
1985 3430 2436 3512 litterarum

674 3600 1029 3680 collocat
1089 3598 1193 3708 (v.
1242 3598 1377 3707 fig.
1428 3596 1592 3704 20),
1664 3596 1924 3677 modo
1984 3595 2239 3705 polite
2298 3593 2437 3676 ubi

673 3764 1070 3846 sacerdos
1134 3762 1803 3845 benedictionem
1883 3762 1959 3842 in
2026 3732 2245 3870 aqua
2311 3760 2434 3840 lu-

674 3930 1013 4013 stranda
1107 3930 1270 4026 dat,
1370 3956 1710 4009 manum
1804 3927 2439 4009 benedicentem

679 4094 784 4204 (v.
843 4096 976 4206 fig.
1038 4093 1207 4205 33).
1318 4094 1777 4205 Splendide
1843 4106 2124 4175 autem
2189 4093 2441 4174 deco-

676 4274 853 4343 rata
926 4273 1120 4342 sunt
1191 4260 1767 4370 apocalyptica
1837 4260 2249 4357 animalia,
2339 4287 2441 4338 ex

677 4426 979 4536 quibus
1038 4427 1297 4507 Marci
1366 4427 1697 4509 leonem
1753 4427 2110 4536 exempli
2175 4427 2442 4537 gratia

676 4592 1176 4702 praebemus
1225 4592 1329 4702 (v.
1369 4593 1503 4701 fig.
1546 4594 1714 4701 36).
1786 4593 2062 4699 Quam
2119 4593 2441 4702 magni-

675 4757 826 4839 fice
888 4758 1109 4839 enim
1171 4770 1417 4866 caput
1472 4757 1805 4838 Ioannis
1869 4756 1972 4865 (v.
2021 4758 2156 4866 fig.
2211 4753 2290 4865 2)
2361 4770 2442 4839 et

676 4922 925 5004 facies
995 4921 1329 5018 Christi,
1407 4922 1472 5002 si
1550 4937 2018 5031 respectum
2097 4935 2438 5003 ornatus

677 5089 932 5187 duciS,
1001 5100 1344 5170 tractata
1408 5091 1646 5170 sunt!

827 5256 945 5337 Ut
1020 5282 1224 5336 vero
1309 5281 1580 5363 genus
1665 5281 2112 5363 moresque
2196 5252 2439 5335 huius

676 5420 1006 5502 artificis
1071 5421 1324 5530 paulo
1390 5421 1853 5502 accuratius
1918 5420 2437 5517 definiamuS,

677 5587 1083 5697 imagines
1151 5587 1377 5696 ipsae
1440 5586 1878 5695 diligenter
1941 5599 2441 5696 pertractan-

677 5752 833 5833 dae
899 5764 1112 5833 sunt.

827 5918 1199 5999 Primum
1282 5931 1564 6000 autem
1650 5918 2243 6028 adgrediamur
2334 5920 2440 6001 ad

677 6085 1370 6194 contemplandas
1416 6112 1711 6167 scenas
1766 6086 2219 6196 figurarum
2268 6086 2440 6196 ple-

3811 965 3813 968 ’
3862 969 4034 1036 nas,
4060 968 4275 1050 quae
4310 942 4427 1021 hi-

3864 1107 4216 1189 storicae
4270 1134 4426 1188 vo-

3868 1286 4179 1355 cantur.
4249 1275 4426 1355 Na-

3790 1487 3791 1499 *
3862 1439 4138 1520 tivitas
4194 1440 4426 1521 Chri-

3867 1605 3968 1686 sti
4053 1631 4240 1715 pag.
4323 1632 4409 1686 11

3866 1797 4130 1879 prope
4195 1738 4427 1852 acce-

3868 1935 3985 2017 dit
4056 1936 4162 2017 ad
4246 1964 4426 2018 sce-

3870 2128 4064 2182 nam
4088 2129 4191 2183 ex
4220 2102 4428 2183 anti—

3859 2267 4149 2376 quiore
4170 2268 4424 2349 eccle-

3864 2433 4194 2513 siastica
4246 2445 4420 2514 arte

3937 2597 4345 2695 traditam,

2649 2793 2865 2877 quae
2910 2778 2991 2846 et
3036 2766 3115 2845 in
3161 2777 3335 2846 arte
3380 2764 3839 2872 Byzantina
3891 2776 3972 2844 et
4016 2763 4097 2843 in
4145 2764 4421 2845 Italica

2650 2932 3135 3042 posterioris
3220 2931 3513 3013 aetatis
3590 2931 3913 3011 mediae
3990 2957 4422 3040 permane-

2649 3098 2829 3180 bat:
2885 3098 3321 3179 Madonna
3364 3097 3584 3178 enim
3631 3097 3710 3177 in
3756 3096 4071 3178 culcitis
4125 3097 4422 3206 supina

2652 3265 2861 3346 iacet
2913 3264 3282 3373 tegmine
3337 3262 3613 3344 velata
3657 3276 3738 3345 et
3782 3264 4007 3344 iuxta
4055 3290 4242 3343 eam
4297 3262 4420 3342 in-

2651 3432 2834 3512 fans
2898 3431 2976 3511 in
3032 3456 3460 3540 praesepe,
3528 3428 3803 3511 adstat
3855 3442 4137 3511 autern
4193 3431 4420 3510 Iose-

2654 3598 2869 3708 phus
2936 3597 3347 3678 meditans
3427 3595 3708 3677 cubito
3774 3596 3852 3675 in
3915 3622 4144 3705 genu
4189 3595 4419 3702 ,inni-

2651 3776 2876 3845 tente
2952 3776 3033 3845 et
3100 3789 3321 3873 gena
3396 3762 3477 3842 in
3550 3789 3891 3843 manum
3967 3761 4418 3870 applicata3

2653 3929 3076 4011 stabulum
3131 3928 3644 4038 significatur
3694 3927 4042 4037 simplici
4088 3926 4418 4035 fastigio

2654 4095 2958 4206 stipula
3021 4106 3437 4191 contectO,
3508 4093 3737 4204 quod
3805 4106 4197 4202 quattuor
4260 4106 4420 4172 tra-

2653 4262 2899 4343 bibus
2954 4260 3449 4341 infabricatis
3504 4259 3891 4341 innititur.
3986 4260 4176 4364 Qua
4229 4286 4419 4340 cum

2655 4454 2907 4508 scena
2991 4427 3310 4509 ratione
3392 4426 3691 4508 tradita
3774 4426 4214 4507 coniuncta
4299 4437 4425 4506 est

2653 4592 3156 4703 praedicatio
3256 4592 3704 4674 nativitatis
3807 4592 3912 4673 ad
4015 4605 4418 4700 pastoreS,

2663 4760 2804 4869 qui
2860 4787 2910 4839 a
2963 4757 3259 4839 dextro
3307 4758 3683 4868 margine
3731 4757 4116 4839 videntur
4166 4783 4424 4865 ange-

2654 4927 2826 5007 lum
2881 4926 3454 5035 suspicientes,
3523 4925 3662 5033 qui
3729 4924 3833 5006 de
3899 4924 4133 5005 caelo
4201 4924 4424 5005 dela-

2654 5092 2863 5173 bens
2947 5118 3097 5172 eos
3179 5091 3684 5200 adloquitur,
3778 5117 3970 5171 cum
4053 5116 4258 5200 grex
4340 5090 4420 5170 in

2653 5258 2970 5368 pictura
3036 5229 3352 5367 primus
3417 5257 3741 5367 positus
3806 5257 3930 5338 sit.

2808 5424 3090 5504 Primo
3145 5435 3426 5504 autem
3479 5435 3935 5530 conspectu
4003 5421 4210 5501 mira
4269 5447 4421 5501 no-

2656 5588 2785 5670 bis
2878 5588 3210 5669 videtur
3301 5588 3582 5697 imago
3674 5613 3861 5696 pag.
3926 5612 4011 5666 11
4072 5615 4149 5667 v.
4259 5587 4418 5667 Ite-

2655 5781 2836 5834 rum
2946 5754 3167 5835 enim
3271 5752 3655 5833 videmus
3769 5752 3994 5833 illam
4110 5751 4420 5834 nudam

2654 5947 2957 6016 casam,
3026 5945 3241 6028 quae
3303 5931 3522 6017 tecto
3577 5918 4138 6000 stramenticio
4208 5900 4421 6000 eius-

2655 6113 2819 6195 que
2894 6098 3295 6195 quattuor
3367 6083 3764 6181 trabibu5‚
3852 6083 4256 6166 indicatur
4340 6097 4421 6167 et
