5559 7392
2293 714 2805 783 -73-

681 973 1001 1071 partem
1069 958 1522 1041 Sclavonie
1588 958 1695 1039 ad
1774 958 2212 1040 dominum
2278 960 2441 1039 La-

681 1127 1039 1209 dislaum
1106 1125 1631 1206 diverterent.
1722 1125 1883 1206 Hic
1943 1151 2231 1234 regem
2298 1152 2440 1207 ex-

680 1306 956 1403 pectat
1009 1320 1198 1374 curn
1253 1291 1649 1373 comitiva
1700 1291 2084 1371 maxima.
2149 1291 2440 1372 Homo

683 1461 858 1570 ipse
925 1471 1376 1569 patarenus
1444 1468 1592 1554 est,
1669 1455 1821 1537 sed
1888 1455 2130 1538 datur
2203 1455 2438 1554 ordO,

682 1640 771 1709 ut
851 1625 1246 1707 dominus
1325 1690 1602 1705 .....
1693 1622 2161 1704 Cardinalis
2244 1623 2442 1704 cris-

678 1805 902 1874 mate
983 1817 1174 1871 eum
1251 1788 1687 1870 confirmet
1771 1801 1852 1870 et
1923 1787 2262 1870 reducat
2332 1788 2441 1869 ad

682 1959 964 2040 lumen
1029 1983 1226 2038 vere
1302 1955 1589 2037 salutis
1666 1968 1747 2037 et
1819 1955 1938 2036 sic
2009 1955 2188 2064 ipse
2254 1982 2439 2035 eam

677 2122 1056 2206 assentiri
1152 2120 1481 2202 videtur
1576 2118 1730 2229 (ea)
1829 2119 1988 2201 sub
2083 2147 2255 2229 spe,
2353 2133 2443 2201 ut

677 2289 1071 2372 dominus
1146 2315 1288 2368 rex
1362 2286 1636 2395 ipsum
1711 2284 2159 2366 constituat
2224 2312 2441 2366 mar-

676 2455 1063 2537 chionem
1140 2452 1220 2533 in
1287 2450 1660 2561 partibus
1735 2449 2116 2546 Bossine,
2193 2463 2442 2560 prout

679 2620 875 2701 mihi
939 2618 1233 2702 asserit
1285 2617 1677 2699 dominus
1733 2615 2439 2726 Archiepiscopus

678 2784 1197 2896 Spalatensis
1279 2782 1597 2865 amicus
1684 2809 1888 2863 suus
1963 2795 2045 2863 et
2117 2782 2439 2864 vicinus

678 2965 760 3033 et
813 2950 1009 3032 mihi
1068 2961 1304 3059 pater
1359 2960 1442 3030 et
1494 2949 1982 3030 DominuS.“
2042 2947 2194 3058 (Cf.
2246 2950 2436 3029 Mo-

679 3145 902 3199 num.
959 3117 1178 3213 Vat.‚
1247 3127 1298 3197 t.
1347 3134 1470 3198 IV.
1538 3141 1726 3224 pag.
1777 3115 1937 3194 611
1976 3115 2251 3195 -612.
2324 3163 2432 3172 —

675 3284 1075 3366 Archivio
1122 3282 1430 3364 storico
1475 3281 1822 3362 Firenze
1877 3302 2001 3364 IV.
2051 3297 2131 3362 et
2175 3281 2436 3362 Racki

677 3451 757 3532 in
813 3450 1002 3531 Rad
1056 3469 1182 3547 IV,
1240 3475 1428 3558 pag.
1480 3446 1856 3554 58—62.)
1956 3448 2130 3527 Iam
2185 3474 2440 3557 supra

677 3616 1088 3698 monitum
1182 3627 1309 3696 est
1392 3614 1854 3695 Hervoiam
1947 3626 2439 3723 patarenum

677 3784 952 3880 fuisse,
1061 3781 1249 3863 dico
1355 3780 1763 3863 asseclam
1863 3779 2438 3889 Bogomilicae

675 3947 889 4045 fidei,
967 3973 1222 4056 quam
1286 3958 1484 4027 tunc
1549 3946 1814 4026 maior
1878 3972 2069 4055 pars
2136 3943 2438 4026 nobili-

675 4113 864 4194 tatis
928 4112 1389 4194 Bosnensis
1451 4139 1777 4193 necnon
1842 4111 2215 4221 plerique
2288 4137 2436 4219 pa-

674 4280 1093 4362 triciorum
1151 4277 1481 4360 urbium
1529 4277 2187 4359 Dalmaticarum
2233 4223 2452 4357 con-t

674 4445 1139 4527 fitebantur.
1220 4444 1646 4526 Hervoiae
1692 4456 1971 4526 autem
2019 4443 2436 4525 confessio

678 4612 921 4693 huius
1003 4610 1196 4693 fidei
1281 4610 1561 4719 Hvalji
1647 4610 2104 4720 Bogomilo
2188 4609 2436 4690 etiam

687 4780 1342 4876 „Testamento“
1429 4778 1501 4859 ei
1578 4776 1965 4858 dedicato
2039 4776 2438 4886 tempori-

676 4944 833 5026 bus
908 4943 1129 5052 Djed
1206 4943 1954 5054 (Superintendens
2028 4943 2437 5053 Bogomi-

676 5108 977 5218 lorum)
1044 5110 1477 5191 Radomiri
1535 5137 1759 5191 anno
1819 5133 2042 5214 1404
2109 5110 2437 5221 (Testa-

676 5289 1049 5357 mentum
1117 5276 1280 5358 hoc
1343 5276 1423 5356 in
1480 5275 1981 5358 bibliotheca
2034 5275 2438 5385 reperitur

673 5413 1222 5524 universitatis
1268 5441 1819 5523 Bononiensis
1865 5490 1963 5499 —
2008 5441 2138 5521 Fr.
2174 5441 2434 5521 Racki

676 5608 755 5689 in
810 5608 1140 5690 Starine
1190 5627 1241 5691 Ι.
1300 5634 1491 5718 pag.
1529 5632 1925 5713 92—109
1979 5607 2060 5687 in
2112 5607 2435 5688 addita—

676 5774 980 5855 mentis
1072 5774 1180 5855 ad
1273 5773 1706 5856 historiam
1799 5771 2432 5882 patarenorum)

675 5940 1293 6050 comprobatur.
1436 5940 1612 6023 Sed
1716 5939 2127 6021 contraria
2227 5940 2437 6021 inter

674 6106 824 6188 has
880 6106 1089 6189 duas
1146 6107 1617 6217 religioneS,
1683 6133 1900 6216 quae
1962 6106 2042 6187 in
2098 6105 2433 6215 publico

2655 960 3212 1042 infensissima
3259 961 3758 1044 videbantur
3811 991 4021 1060 esse,
4090 965 4417 1074 privato

2653 1125 3092 1209 hominum
3167 1130 3554 1211 convictu
3621 1130 3976 1241 mitigari
4042 1131 4418 1240 potuisse

2654 1319 2757 1372 ex
2892 1294 3246 1403 epistola
3369 1322 3624 1405 supra
3737 1296 3981 1378 citata
4094 1323 4417 1407 cogno-

2652 1485 2886 1542 scere
2961 1459 3189 1559 licet;
3280 1488 3474 1542 nam
3552 1462 3910 1571 legimus
3989 1463 4416 1544 Hervoiae

2654 1625 2842 1706 duci
2896 1652 3085 1706 cum
3141 1628 3455 1707 Ioanne
3503 1627 3607 1709 de
3651 1628 4105 1738 Aragonia,
4152 1629 4416 1710 archi-

2654 1791 3054 1901 episcopo
3110 1792 3609 1901 Spalatensi,
3667 1794 4111 1875 amicitiam
4168 1794 4417 1876 inter-

2653 1958 3028 2039 cessisse.
3131 1958 3373 2064 Quae
3459 1986 3591 2041 res
3666 1987 3770 2041 eo
3846 1960 4159 2042 facilius
4243 1960 4417 2042 fieri

2653 2126 2945 2234 potuit,
3034 2124 3264 2234 quod
3348 2126 3992 2236 Bogomilorum
4077 2127 4415 2238 dogma,

2652 2318 3167 2400 quamquam
3222 2292 3604 2401 perfectis
3658 2293 3830 2374 suis
3886 2293 4417 2375 durissimam

2651 2457 2871 2537 vitae
2913 2457 3307 2537 rationem
3350 2457 3714 2555 iniunxit,
3754 2470 4034 2540 tamen
4075 2458 4155 2539 in
4195 2458 4419 2540 viros

2652 2635 3067 2731 potenteS,
3147 2622 3284 2731 qui
3350 2623 3526 2704 eius
3592 2623 4054 2704 doctrinam
4120 2651 4418 2734 seque-

3277 2788 3600 2885 bantur,
3656 2790 3878 2871 haud
3931 2817 4189 2900 parva
4244 2803 4418 2872 erat

3280 2956 3515 3064 quasi
3581 2954 4116 3064 indulgentia.
4238 2954 4415 3036 Sed

3276 3120 3437 3202 alia
3481 3132 3696 3217 sunt,
3753 3148 3967 3230 quae
4021 3121 4126 3202 de
4158 3119 4415 3223 ⁴huius

3275 3285 3427 3367 viri
3475 3286 3850 3367 moribus
3907 3313 4009 3367 ex
4065 3285 4418 3395 epistola

3277 3452 3415 3532 illa
3489 3451 3839 3533 Matthei
3915 3451 4021 3532 de
4096 3451 4413 3532 Sancto

3278 3617 3630 3699 Miniato
3708 3617 4145 3699 enucleare
4219 3644 4414 3726 pos-

3083 3802 3089 3814 ·
3152 3859 3155 3861 .
3277 3809 3593 3863 sumus,
3702 3783 3909 3863 Eius
3981 3782 4262 3863 fervor
4326 3783 4415 3864 fi-

3277 3948 3410 4029 dei
3450 3976 3674 4029 anno
3711 3962 3935 4029 certo
3983 3950 4204 4052 1403
4250 3947 4416 4029 sin-

2797 4111 3019 4173 Fig·²²·
3277 4140 3518 4195 cerus
3617 4114 4073 4223 firmusque
4156 4113 4412 4194 fuisse

2651 4280 2882 4361 nullo
2970 4292 3214 4390 pacto
3302 4279 3721 4389 putandus
3798 4291 3945 4376 est,
4033 4306 4413 4389 praeser-

2648 4446 2795 4528 tim
2888 4473 3077 4527 cum
3161 4445 3428 4555 pretio
3505 4445 4121 4527 marchionatus
4198 4447 4413 4527 Bos-

2650 4612 2835 4693 niae
2881 4611 2988 4692 ad
3046 4611 3539 4692 catholicam
3594 4610 4087 4720 religionem
4140 4622 4411 4691 trans-

2651 4777 2764 4859 ire
2840 4778 3266 4887 cogitaret.
3380 4776 3605 4884 Quid
3668 4803 3873 4858 vero
3939 4776 4072 4858 ille
4135 4803 4410 4858 secre-

2648 4942 2904 5024 tarius
2950 4942 3109 5024 sub
3145 4969 3359 5022 voce
3408 4940 4027 5022 marchionatus
4068 4940 4410 5051 intelligi

2649 5108 2974 5189 voluit?
3053 5107 3527 5188 Vicariatus
3612 5133 4147 5216 nequaquam
4224 5133 4411 5187 esse

2649 5274 2939 5384 potuit,
2989 5301 3181 5354 narn
3218 5273 3571 5354 vicarius
3608 5272 4139 5382 Neapolitani
4187 5272 4410 5381 regis

2649 5439 2983 5549 publica
3055 5438 3545 5519 auctoritate
3618 5437 4116 5519 constitutus
4190 5437 4407 5518 Her-

2646 5606 2845 5687 voia
2893 5607 3054 5686 iam
3101 5604 3365 5687 multo
3413 5617 3605 5686 ante
3651 5603 3837 5702 suit;
3893 5602 4175 5684 scribit
4227 5603 4409 5711 qui-

2650 5773 2846 5854 dem
2941 5771 3214 5853 idibus
3307 5770 3553 5851 Maiis
3644 5768 3838 5850 anni
3938 5792 4154 5873 1402
4249 5768 4409 5850 sub

2647 5966 2834 6020 arce
2899 5938 3448 6047 Tynniniensi
3523 5936 3677 6019 sibi
3744 5910 4189 6016 nonnullas
4254 5935 4409 6015 do-

2650 6106 3033 6186 nationes
3156 6131 3310 6212 pro
3435 6103 3764 6184 civitate
3886 6100 4407 6183 Sibenicensi

3930 6256 3992 6301 10
