5559 7392
2280 637 2792 722 „65—

666 894 1429 1004 Frequentissimus
1482 894 2002 1004 pronominis
2056 922 2156 977 nn
2202 921 2426 990 usuS,

668 1060 807 1142 ubi
876 1087 1037 1141 ιηκε
1109 1060 1774 1170 exspectabatur,
1852 1060 2063 1142 libro
2138 1073 2428 1142 nostro

667 1226 1030 1336 speciem
1128 1226 1462 1336 linguae
1558 1226 1928 1337 vulgaris
2025 1227 2426 1323 conciliat,

668 1418 882 1499 quae
957 1391 1227 1501 magis
1301 1392 1549 1472 etiam
1634 1391 2099 1502 insignibus
2173 1419 2430 1473 voca—

669 1556 906 1654 bulis,
993 1556 1247 1639 veluti
1314 1585 1406 1640 ηε,
1470 1585 1622 1668 pro
1691 1586 1914 1655 timo,
2001 1566 2195 1652 Kairh
2277 1586 2429 1668 pro

669 1749 968 1821 κᾹεκςε,
1045 1751 1447 1831 rossopn'rn
1522 1752 1675 1834 pro
1741 1752 2214 1823 marmora,
2290 1737 2433 1806 aut

670 1888 956 1970 formis
1037 1888 1683 1971 declinationum
1757 1890 2276 2000 pronominis
2349 1903 2431 1971 et

666 2053 1069 2152 adiectivi‚
1138 2055 1253 2136 uti
1318 2082 1510 2138 nora
1571 2082 1724 2165 pro
1785 2081 2082 2155 ierom,
2153 2056 2432 2139 ὁππο-

667 2246 1099 2303 cflossenora
1149 2248 1302 2331 pro
1358 2248 2028 2316 marocnossfflavo,
2084 2234 2229 2304 aut
2281 2222 2433 2304 dif-

665 2385 1024 2468 ferentiis
1090 2413 1528 2482 sonorum,
1596 2387 1850 2470 veluti
1916 2415 2214 2496 Mope'rb
2277 2416 2432 2498 pro

665 2578 1033 2650 momen,
1099 2579 1509 2647 maiomam
1569 2581 1722 2663 pro
1780 2579 2430 2664 κςεὶκμογψκωι,

665 2743 1105 2825 aanpmnam
1179 2745 1332 2828 pro
1395 2724 1912 2833 annpssnpauo,
1987 2745 2189 2827 pmte
2251 2747 2433 2828 paa-

664 2911 866 2976 Jmsm
962 2911 1115 2993 pro
1211 2895 1449 2999 p‘mm
1546 2891 1973 2999 pnssxlmn,
2072 2885 2433 2995 denique

669 3048 849 3157 ipsa
902 3049 1518 3159 orthographia,
1586 3049 1842 3132 veluti
1899 3076 2185 3133 ena'rizo
2235 3078 2431 3159 upu-

667 3241 784 3316 Bo,
848 3241 1132 3297 marita
1184 3215 1543 3322 opnuefla
1603 3242 1756 3326 pro
1816 3240 2166 3315 maante
2219 3223 2434 3330 ΑΡἯ-

670 3406 778 3477 sso,
840 3405 1197 3481 cananea
1257 3387 1649 3497 ssp‘kmffla
1706 3395 2238 3465 sustentatur.
2326 3384 2435 3464 Et

668 3546 1006 3656 quidem
1107 3547 1482 3657 plurimis
1579 3547 1983 3658 exemplis
2079 3548 2431 3630 demon-

542 3764 549 3770 ·
667 3712 903 3795 strari
968 3725 1269 3822 potest,
1338 3712 1814 3795 Butkonem
1872 3713 2228 3795 scribam
2290 3741 2432 3795 co-

667 3878 871 3959 dicis
925 3879 1184 3961 nostri
1239 3906 1340 3960 ea
1393 3878 1747 3961 dialecto
1801 3878 2150 3989 vulgari,
2216 3905 2432 3988 quae

665 4044 1084 4128 vocabulo
1159 4070 1253 4126 ¹1a
1327 4047 1519 4153 (c'a)
1601 4059 1853 4154 atque
1934 4045 2432 4155 pronuncia-

667 4212 893 4294 tione
975 4212 1471 4323 diphthongi
1553 4219 1606 4295 ’Β
1687 4223 1779 4293 ut
1858 4213 1897 4292 i
1970 4210 2427 4321 insignitur,

667 4404 915 4459 usum
998 4405 1214 4474 esse,
1308 4405 1561 4487 quam
1655 4377 2096 4460 dialectum
2181 4378 2429 4459 etiam

670 4572 890 4626 nunc
941 4572 1134 4654 pars
1190 4544 1663 4626 Dalmatiae
1728 4543 2428 4653 septemtrionalis

671 4709 1055 4819 loquitur,
1142 4709 1371 4792 initio
1455 4737 1659 4791 vero
1743 4708 2049 4792 saeculi
2132 4708 2427 4791 decimi

2643 895 2902 1005 quinti
2997 895 3221 1006 apud
3314 923 3610 978 omnes
3702 923 3970 1006 paene
4053 897 4403 979 Dalma-

2640 1075 2768 1143 tas
2823 1062 3178 1144 eandem
3245 1062 3324 1143 in
3379 1089 3538 1143 usu
3603 1062 4092 1172 quotidiano
4153 1063 4404 1144 fuisse

2642 1226 3076 1337 probabile
3129 1241 3274 1309 est.
3344 1228 3646 1336 Neque
3689 1256 3741 1309 a
3782 1255 3987 1309 vero
4039 1228 4403 1310 alienum

2643 1405 2769 1474 est
2821 1393 3346 1489 contendere,
3404 1393 3706 1476 eodem
3762 1394 4099 1475 saeculo
4155 1394 4403 1476 etiam

2642 1558 3007 1668 aliquam
3099 1572 3417 1669 partem
3509 1559 3908 1656 Bosniae,
4003 1559 4406 1669 imprimis

2643 1752 2859 1834 quae
2940 1724 3046 1806 ad
3131 1724 3648 1806 occidentem
3731 1724 4024 1836 vergit,
4109 1725 4406 1807 eadem

2643 1852 3044 1986 dialectO,
3089 1917 3305 2000 quae
3366 1889 3616 1971 hodie
3680 1869 4193 1972 Cakavstina
4254 1918 4405 2000 ap-

2643 2054 3016 2164 pellatur,
3062 2055 3446 2164 gavisam
3491 2082 3699 2137 esse.
3777 2055 4240 2137 Hervoiam
4286 2056 4409 2166 ip-

2644 2247 2865 2319 sum,
2943 2234 3032 2303 ut
3099 2221 3694 2302 commentatio
3761 2248 3949 2303 mea
4014 2249 4117 2303 eo
4185 2221 4409 2303 unde

2645 2384 3025 2496 digressa
3098 2399 3223 2468 est
3286 2386 3600 2485 redeat,
3677 2387 3890 2468 hanc
3964 2387 4408 2469 dialectum

2648 2552 2727 2633 in
2796 2579 2953 2633 usu
3022 2552 3515 2661 quotidiano
3580 2552 4062 2636 adhibuisse
4127 2553 4408 2636 multis

2645 2719 2917 2800 causis
2983 2718 3403 2829 probatur.
3502 2719 3658 2801 Cui
3725 2731 3817 2801 ut
3879 2718 4123 2800 lectio
4199 2718 4404 2818 libri,

2645 2885 2928 2966 divina
2983 2885 3251 2967 officia
3302 2884 3826 2983 continentiS,
3893 2885 4209 2996 gratior
4263 2884 4408 2968 fie-

2644 3063 2789 3149 ret,
2858 3050 3128 3132 scriba
3183 3050 3460 3133 Butko
3526 3077 4004 3133 sermonem
4063 3051 4408 3159 palaeo-

2645 3215 3170 3298 slovenicum
3257 3216 3528 3325 magis
3602 3216 3850 3298 etiam
3927 3216 4009 3296 in
4084 3227 4406 3325 partem

2644 3382 3106 3494 vulgarem,
3174 3410 3426 3492 quam
3484 3382 3565 3463 in
3625 3381 3851 3463 libris
3908 3381 4406 3464 ecclesiasti-

2644 3548 2759 3630 cis
2866 3548 3399 3658 caeteroquin
3502 3547 3813 3629 licitum
3910 3559 4112 3645 erat,
4220 3574 4406 3627 mu-

2642 3726 2817 3795 tare
2894 3740 3063 3794 non
3139 3712 3567 3795 dubitavit.
3671 3713 3792 3793 Ita
3875 3740 4046 3793 non
4129 3710 4405 3794 solum

2642 3879 3027 3989 speciosa
3117 3878 3428 3961 codicis
3519 3878 3817 3975 forma,
3914 3877 4064 3959 sed
4158 3876 4406 3958 etiam

2643 4046 3124 4127 inusitatum
3230 4056 3819 4155 argumentum
3924 4040 4408 4152 singularis-

2643 4238 2809 4320 que
2913 4210 3199 4322 lingua
3309 4222 3535 4292 certo
3646 4236 3837 4290 cum
3950 4207 4114 4289 fine
4226 4205 4407 4287 libri

2641 4390 2834 4487 apte
2925 4375 3402 4473 cohaerent,
3496 4374 3947 4483 omniaque
4036 4372 4143 4455 ad
4226 4371 4408 4453 illu-

2641 4555 2897 4625 strem
2954 4542 3132 4625 eius
3192 4554 3620 4624 auctorem
3678 4539 4141 4621 Hervoiam
4199 4537 4408 4620 refe-

2642 4722 2953 4791 runtur.
