5559 7392
2742 652 3298 716 ——106—

2255 905 2278 944 ⁵
2358 921 2682 1016 praeter
2715 935 2919 1019 apo-

2361 1072 2649 1170 stolos,
2668 1101 2921 1155 euan-

2352 1237 2926 1348 gelistas,apo-

2355 1404 2744 1486 stolorum
2764 1405 2923 1486 dis-

2357 1571 2700 1681 cipu105‚
2758 1572 2921 1652 cla-

2328 1700 2736 1818 'rissimos
2838 1738 2917 1819 in

2361 1901 2641 1984 litania
2685 1930 2920 2013 mag-

2358 2095 2465 2148 na
2550 2095 2921 2149 Comme·

2453 2247 2827 2315 moratos

1605 2352 1721 2414 Fig.
1745 2352 1826 2412 36.

2356 2411 2676 2479 sanctos
2707 2411 2788 2480 et
2818 2398 2924 2480 fe-

1149 2567 1419 2649 minas
1467 2579 1896 2675 martyraS,
1954 2566 2166 2646 sicut
2219 2565 2306 2646 S.
2354 2565 2912 2660 Catharinam,

1146 2759 1401 2841 quam
1454 2743 1633 2813 tota
1685 2731 2233 2813 christianitas
2291 2731 2611 2850 *ubique
2677 2758 2916 2813 vere-

1147 2898 1410 2993 batur,
1491 2896 1686 2978 nulli
1761 2897 2287 3006 superiorum
2360 2896 2915 3008 collegiorum

1150 3062 1756 3144 monachorum
1803 3064 2061 3145 sancti
2104 3063 2369 3144 ornati
2415 3076 2628 3160 sunt,
2685 3063 2914 3173 quod

1149 3229 1650 3311 Benedictus
1694 3242 1777 3310 et
1818 3229 2339 3311 Scholastica
2387 3229 2715 3326 desunt,
2766 3257 2916 3310 nec

1151 3423 1317 3476 non
1387 3396 1647 3477 sancti
1707 3394 1955 3477 medii
2013 3396 2198 3477 aevi
2264 3396 2747 3505 posterioris
2814 3424 2916 3477 ex

1150 3560 1604 3642 Dominico
1697 3561 2012 3660 ordine,
2111 3561 2321 3642 sicut
2415 3561 2914 3642 Dominicus

1150 3739 1231 3808 et
1310 3727 1606 3809 Petrus
1692 3740 2022 3836 martyr,
2108 3728 2360 3836 quod,
2446 3739 2537 3808 ut
2618 3727 2914 3809 iterum

1149 3892 1452 3990 dicam,
1560 3906 1886 4002 praeter
1989 3893 2175 3974 illos
2282 3894 2672 4003 antiquos
2777 3921 2913 3974 ec-

1148 4058 1448 4141 clesiae
1562 4071 1901 4140 sanctos
2015 4059 2472 4140 canonizati
2588 4072 2912 4141 tantum

1149 4224 1676 4306 Franciscani
1761 4225 2280 4306 adferuntur:
2366 4225 2453 4306 S.
2529 4225 2914 4306 Francis-

1149 4417 1317 4488 cuS,
1376 4391 1464 4472 S.
1507 4390 1929 4472 Antonius
1974 4391 2450 4486 PatavinuS,
2509 4391 2595 4472 S.
2642 4390 2910 4487 Clara,

1149 4560 1236 4640 S.
1318 4558 1804 4639 Ludovicus
1888 4558 2367 4667 episcopuS,
2458 4558 2545 4637 S.
2622 4557 2912 4638 Ludo-

1147 4726 1381 4808 vicus
1465 4752 1628 4807 rex.
1739 4726 1980 4831 Quae
2054 4751 2243 4805 cum
2320 4723 2432 4805 ita
2503 4723 2686 4819 sint,
2772 4736 2916 4804 aut

1148 4890 1527 4973 librarius
1623 4918 1726 4972 ex
1822 4889 2114 4971 ordine
2211 4889 2548 4971 fratrum
2643 4889 2913 4969 mino-

1148 5085 1331 5139 rum
1397 5056 1820 5167 prodierat
1881 5068 2044 5153 aut,
2115 5055 2194 5136 id
2261 5053 2492 5164 quod
2547 5054 2721 5135 veri
2790 5066 2917 5135 est

1149 5225 1520 5322 similiuS,
1591 5223 1858 5305 codex
1915 5222 2303 5304 basilicae
2361 5220 2689 5329 collegii
2749 5221 2917 5301 cui-

1150 5391 1346 5472 dam
1411 5390 1657 5471 huius
1724 5388 2037 5470 ordinis
2103 5387 2562 5469 destinatus
2628 5399 2823 5468 erat.

1300 5559 1470 5638 Ter
1514 5555 1910 5665 repetitus
1955 5552 2507 5664 archangelus
2555 5551 2919 5633 Michae-

1150 5722 1271 5819 lis,
1329 5735 1665 5804 sanctus
1721 5733 2123 5830 patronus
2169 5719 2916 5799 Franciscanorum

1151 5886 1547 5998 corporiS,
1635 5885 1897 5968 semel
1964 5898 2092 5967 sat
2158 5885 2361 5965 mire
2426 5883 2918 5965 coniunctus

1151 6080 1342 6135 cum
1409 6054 1494 6134 S.
1555 6051 2000 6145 DamianO,
2078 6050 2312 6131 cuius
2382 6076 2689 6130 nomen
2756 6048 2920 6157 pri-

3134 939 3319 993 mae
3395 912 4143 993 Franciscanorum
4219 912 4598 995 coloniae
4672 941 4899 995 sum-

3132 1104 3273 1158 mo
3329 1070 3456 1159 est
3509 1090 3967 1175 momentO,
4025 1078 4103 1158 in
4161 1077 4320 1159 hoc
4373 1105 4647 1160 rerum
4700 1107 4899 1161 con-

3131 1255 3360 1324 textu
3445 1242 3834 1325 notabilis
3918 1270 4106 1325 esse
4190 1243 4459 1325 debet.
4595 1245 4898 1354 Neque

3133 1408 3340 1490 forte
3406 1408 3735 1490 fortuna
3790 1409 4092 1490 factum
4152 1436 4337 1491 esse
4394 1408 4741 1507 videtur,
4809 1422 4900 1492 ut

3132 1586 3455 1683 praeter
3511 1573 3688 1656 dies
3749 1575 3836 1655 S.
3887 1574 4202 1656 Mariae
4268 1574 4527 1657 festos
4588 1603 4691 1657 ex
4750 1602 4898 1686 ge-

3134 1738 3550 1820 neralibus
3606 1739 4006 1821 ecclesiae
4064 1739 4290 1822 festis
4344 1739 4425 1820 in
4483 1739 4618 1820 illa
4663 1753 4898 1849 parte

3134 1905 3577 1986 missarum
3660 1905 4182 2014 propriarum
4266 1905 4530 1987 crucis
4604 1906 4897 1988 inven-

3131 2071 3247 2153 tio
3314 2083 3396 2152 et
3461 2071 3851 2153 exaltatio
3912 2083 4235 2152 tantum
4293 2071 4895 2180 praedicantur.

3132 2236 3588 2317 Veneratio
3673 2263 3734 2317 s,
3801 2236 4066 2318 crucis
4147 2248 4427 2317 autem
4511 2236 4897 2319 Francis-

3132 2403 3358 2484 canis
3433 2402 3795 2482 maxime
3870 2416 4046 2484 erat
4117 2402 4344 2484 cordi
4414 2414 4495 2484 et
4558 2403 4897 2484 saeculo

3131 2569 3459 2652 decimo
3526 2581 3823 2677 quarto
3890 2568 4350 2677 quintoque
4417 2568 4899 2649 Francisca-

3132 2763 3432 2817 norum
3488 2749 3811 2818 tantum
3867 2735 4255 2816 basilicae
4309 2748 4522 2831 sunt,
4589 2735 4669 2816 in
4724 2735 4898 2845 qui·

3130 2904 3288 2985 bus
3354 2902 3802 3014 legendam
3861 2901 4124 2983 crucis
4185 2901 4688 2983 inventionis
4756 2901 4897 2982 de-

3130 3070 3432 3179 pictam
3484 3069 3894 3150 videmuS.
3963 3068 4082 3149 Ut
4132 3066 4607 3177 exemplum
4666 3067 4897 3148 adfe-

3130 3262 3328 3331 ram,
3375 3261 3955 3316 commemoro
4001 3233 4425 3314 basilicam
4470 3233 4557 3313 S.
4605 3233 4896 3314 Crucis

3127 3400 3620 3494 Florentiae,
3688 3400 3773 3481 S.
3821 3399 4236 3480 Francisci
4297 3398 4524 3479 urbis
4569 3401 4894 3480 Arezzo

3127 3593 3317 3647 cum
3424 3565 3804 3675 perfectis
3905 3564 4241 3675 picturis
4347 3563 4454 3644 ab
4554 3563 4893 3673 Angelo

3129 3731 3403 3814 Gaddi
3496 3744 3575 3812 et
3656 3732 3906 3812 Petro
3993 3731 4098 3812 de
4183 3731 4472 3841 Burgo
4566 3730 4654 3811 S.
4733 3730 4892 3811 Se-

3127 3897 3382 4006 pulcri
3452 3897 3709 4005 pictis,

3281 4061 3608 4168 Quodsi
3706 4061 4235 4143 considerare
4331 4061 4890 4171 adgredimur,

3128 4256 3298 4338 quo
3377 4229 3634 4310 modo
3712 4227 4100 4309 miniator
4175 4227 4335 4309 hoc
4408 4227 4614 4309 uber
4695 4254 4891 4336 pro-

3126 4422 3510 4505 gramma
3600 4393 4006 4475 subtiliter
4097 4393 4661 4503 excogitatum
4745 4419 4889 4474 ex-

3125 4574 3459 4673 secutus
3535 4560 3659 4656 sit,
3736 4559 4096 4669 primum
4172 4559 4689 4640 monendum
4766 4569 4892 4639 est

3128 4755 3319 4808 eum
3388 4726 3604 4807 duos
3670 4725 4315 4836 programmatis
4372 4723 4607 4805 locos
4674 4722 4890 4804 male

3129 4891 3651 4973 intellexisse.
3719 4890 3860 4972 Ad
3915 4890 4257 4971 missam
4311 4890 4531 4971 enim
4591 4889 4676 4970 S.
4712 4890 4892 4969 An-

3127 5058 3329 5141 tonii
3416 5058 3792 5140 Patavini
3889 5057 4022 5138 die
4114 5076 4323 5139 XIII.
4402 5055 4608 5136 Iunii
4701 5080 4891 5163 pag.

3143 5226 3305 5307 163
3377 5253 3433 5306 ν
3525 5225 3904 5307 librarius
3996 5222 4358 5333 spatium
4452 5221 4895 5330 reliquerat

3130 5390 3686 5500 semiimagini
3766 5390 3979 5471 illius
4054 5388 4313 5470 sancti
4390 5386 4890 5498 pingendae.

3132 5548 3446 5657 Figura
3548 5574 3777 5643 verO,
3894 5573 4109 5655 quae
4215 5545 4322 5626 ibi
4429 5572 4479 5625 a
4582 5545 4896 5653 pictore

3132 5714 3455 5825 prolata
3532 5725 3680 5808 est,
3757 5711 3969 5794 calvi
4047 5723 4172 5793 est
4235 5710 4457 5792 senis
4526 5709 4898 5789 violacea

3133 5894 3337 5989 toga
3410 5878 3819 5960 cucullata
3892 5877 4187 5972 vestiti,
4265 5875 4403 5984 qui
4481 5901 4897 5981 nusquam

3135 6045 3535 6153 nulloque
3601 6071 3945 6154 prorsus
4012 6055 4257 6153 pacto
4324 6068 4477 6150 pro
4536 6040 4898 6150 imagine
