<?xml version="1.0" encoding="UTF-8"?>
<!DOCTYPE html PUBLIC "-//W3C//DTD XHTML 1.0 Transitional//EN"
    "http://www.w3.org/TR/xhtml1/DTD/xhtml1-transitional.dtd">
<html xmlns="http://www.w3.org/1999/xhtml" xml:lang="en" lang="en">
 <head>
  <title>
</title>
<meta http-equiv="Content-Type" content="text/html;charset=utf-8" />
  <meta name='ocr-system' content='tesseract 3.04.00' />
  <meta name='ocr-capabilities' content='ocr_page ocr_carea ocr_par ocr_line ocrx_word'/>
</head>
<body>
  <div class='ocr_page' id='page_1' title='image "./missaleglagolit00unkngoog_0125.png"; bbox 0 0 5559 7392; ppageno 0'>
   <div class='ocr_carea' id='block_1_1' title="bbox 2250 720 2814 786">
    <p class='ocr_par' dir='ltr' id='par_1_1' title="bbox 2250 720 2814 786">
     <span class='ocr_line' id='line_1_1' title="bbox 2250 720 2814 786; baseline 0.005 -39"><span class='ocrx_word' id='word_1_1' title='bbox 2250 720 2814 786; x_wconf 64' lang='lat'>-113-</span> 
     </span>
    </p>
   </div>
   <div class='ocr_carea' id='block_1_2' title="bbox 659 956 2426 3560">
    <p class='ocr_par' dir='ltr' id='par_1_2' title="bbox 659 956 2426 2897">
     <span class='ocr_line' id='line_1_2' title="bbox 659 956 2425 1066; baseline 0.002 -29"><span class='ocrx_word' id='word_1_2' title='bbox 659 957 909 1037; x_wconf 87' lang='lat' dir='ltr'><strong>animi</strong></span> <span class='ocrx_word' id='word_1_3' title='bbox 1016 956 1498 1039; x_wconf 81' lang='lat' dir='ltr'><strong>affectiones</strong></span> <span class='ocrx_word' id='word_1_4' title='bbox 1605 958 2119 1066; x_wconf 89' lang='lat' dir='ltr'><strong>exprimendi</strong></span> <span class='ocrx_word' id='word_1_5' title='bbox 2222 986 2425 1040; x_wconf 90' lang='lat' dir='ltr'><strong>con-</strong></span> 
     </span>
     <span class='ocr_line' id='line_1_3' title="bbox 661 1122 2424 1231; baseline 0.002 -28"><span class='ocrx_word' id='word_1_6' title='bbox 661 1122 897 1231; x_wconf 89' lang='lat' dir='ltr'><strong>sequi</strong></span> <span class='ocrx_word' id='word_1_7' title='bbox 957 1124 1338 1231; x_wconf 91' lang='lat' dir='ltr'><strong>potuerit.</strong></span> <span class='ocrx_word' id='word_1_8' title='bbox 1418 1125 1788 1206; x_wconf 81' lang='lat' dir='ltr'><strong>Maxime</strong></span> <span class='ocrx_word' id='word_1_9' title='bbox 1844 1137 2126 1206; x_wconf 88' lang='lat' dir='ltr'><strong>autem</strong></span> <span class='ocrx_word' id='word_1_10' title='bbox 2186 1139 2424 1207; x_wconf 89' lang='lat' dir='ltr'><strong>nota-</strong></span> 
     </span>
     <span class='ocr_line' id='line_1_4' title="bbox 662 1290 2423 1373; baseline 0.001 -2"><span class='ocrx_word' id='word_1_11' title='bbox 662 1290 847 1372; x_wconf 91' lang='lat' dir='ltr'><strong>bilis</strong></span> <span class='ocrx_word' id='word_1_12' title='bbox 933 1302 1059 1371; x_wconf 90' lang='lat' dir='ltr'><strong>est</strong></span> <span class='ocrx_word' id='word_1_13' title='bbox 1142 1303 1485 1372; x_wconf 91' lang='lat' dir='ltr'><strong>ornatus</strong></span> <span class='ocrx_word' id='word_1_14' title='bbox 1561 1291 1640 1371; x_wconf 90' lang='lat' dir='ltr'><strong>in</strong></span> <span class='ocrx_word' id='word_1_15' title='bbox 1715 1291 1971 1373; x_wconf 90' lang='lat' dir='ltr'><strong>latere</strong></span> <span class='ocrx_word' id='word_1_16' title='bbox 2044 1291 2423 1373; x_wconf 92' lang='lat' dir='ltr'><strong>arcisellii</strong></span> 
     </span>
     <span class='ocr_line' id='line_1_5' title="bbox 663 1455 2426 1567; baseline 0.001 -31"><span class='ocrx_word' id='word_1_17' title='bbox 663 1455 987 1537; x_wconf 82' lang='lat' dir='ltr'>Christi.</span> <span class='ocrx_word' id='word_1_18' title='bbox 1036 1455 1449 1538; x_wconf 83' lang='lat' dir='ltr'><strong>Videmus</strong></span> <span class='ocrx_word' id='word_1_19' title='bbox 1495 1456 1714 1538; x_wconf 91' lang='lat' dir='ltr'><strong>enim</strong></span> <span class='ocrx_word' id='word_1_20' title='bbox 1761 1456 1841 1537; x_wconf 91' lang='lat' dir='ltr'><strong>in</strong></span> <span class='ocrx_word' id='word_1_21' title='bbox 1890 1457 2115 1567; x_wconf 92' lang='lat' dir='ltr'><strong>ligno</strong></span> <span class='ocrx_word' id='word_1_22' title='bbox 2161 1458 2426 1567; x_wconf 92' lang='lat' dir='ltr'><strong>scalp-</strong></span> 
     </span>
     <span class='ocr_line' id='line_1_6' title="bbox 661 1621 2423 1732; baseline 0.002 -30"><span class='ocrx_word' id='word_1_23' title='bbox 661 1633 789 1702; x_wconf 90' lang='lat' dir='ltr'><strong>tas</strong></span> <span class='ocrx_word' id='word_1_24' title='bbox 856 1621 1065 1703; x_wconf 92' lang='lat' dir='ltr'><strong>duas</strong></span> <span class='ocrx_word' id='word_1_25' title='bbox 1131 1623 1498 1730; x_wconf 92' lang='lat' dir='ltr'><strong>porticus</strong></span> <span class='ocrx_word' id='word_1_26' title='bbox 1563 1622 1907 1705; x_wconf 89' lang='lat' dir='ltr'><strong>alteram</strong></span> <span class='ocrx_word' id='word_1_27' title='bbox 1980 1651 2234 1732; x_wconf 92' lang='lat' dir='ltr'><strong>super</strong></span> <span class='ocrx_word' id='word_1_28' title='bbox 2304 1625 2423 1705; x_wconf 95' lang='lat' dir='ltr'><strong>al-</strong></span> 
     </span>
     <span class='ocr_line' id='line_1_7' title="bbox 662 1789 2422 1897; baseline 0.001 -29"><span class='ocrx_word' id='word_1_29' title='bbox 662 1801 947 1884; x_wconf 82' lang='lat' dir='ltr'><strong>teram,</strong></span> <span class='ocrx_word' id='word_1_30' title='bbox 1034 1815 1385 1897; x_wconf 88' lang='lat' dir='ltr'><strong>quarum</strong></span> <span class='ocrx_word' id='word_1_31' title='bbox 1460 1816 1701 1870; x_wconf 91' lang='lat' dir='ltr'><strong>arcus</strong></span> <span class='ocrx_word' id='word_1_32' title='bbox 1774 1789 2141 1897; x_wconf 91' lang='lat' dir='ltr'><strong>speciem</strong></span> <span class='ocrx_word' id='word_1_33' title='bbox 2215 1789 2422 1870; x_wconf 90' lang='lat' dir='ltr'><strong>asini</strong></span> 
     </span>
     <span class='ocr_line' id='line_1_8' title="bbox 660 1955 2423 2066; baseline 0.001 -31"><span class='ocrx_word' id='word_1_34' title='bbox 660 1967 1089 2064; x_wconf 82' lang='lat' dir='ltr'><strong>tergorum</strong></span> <span class='ocrx_word' id='word_1_35' title='bbox 1193 1980 1392 2064; x_wconf 89' lang='lat' dir='ltr'><strong>prae</strong></span> <span class='ocrx_word' id='word_1_36' title='bbox 1487 1982 1579 2037; x_wconf 92' lang='lat' dir='ltr'><strong>se</strong></span> <span class='ocrx_word' id='word_1_37' title='bbox 1674 1955 1944 2036; x_wconf 89' lang='lat' dir='ltr'><strong>ferunt</strong></span> <span class='ocrx_word' id='word_1_38' title='bbox 2040 1983 2423 2066; x_wconf 90' lang='lat' dir='ltr'><strong>quaeque</strong></span> 
     </span>
     <span class='ocr_line' id='line_1_9' title="bbox 661 2121 2423 2205; baseline 0.001 -3"><span class='ocrx_word' id='word_1_39' title='bbox 661 2149 818 2203; x_wconf 93' lang='lat' dir='ltr'><strong>nos</strong></span> <span class='ocrx_word' id='word_1_40' title='bbox 882 2121 988 2202; x_wconf 90' lang='lat' dir='ltr'><strong>ad</strong></span> <span class='ocrx_word' id='word_1_41' title='bbox 1056 2123 1549 2204; x_wconf 81' lang='lat' dir='ltr'><strong>memoriam</strong></span> <span class='ocrx_word' id='word_1_42' title='bbox 1614 2122 2220 2205; x_wconf 91' lang='lat' dir='ltr'><strong>architectonici</strong></span> <span class='ocrx_word' id='word_1_43' title='bbox 2297 2150 2423 2203; x_wconf 92' lang='lat' dir='ltr'><strong>or-</strong></span> 
     </span>
     <span class='ocr_line' id='line_1_10' title="bbox 661 2288 2421 2371; baseline 0.001 -2"><span class='ocrx_word' id='word_1_44' title='bbox 661 2300 904 2369; x_wconf 91' lang='lat' dir='ltr'><strong>natus</strong></span> <span class='ocrx_word' id='word_1_45' title='bbox 1000 2288 1294 2370; x_wconf 91' lang='lat' dir='ltr'><strong>mediis</strong></span> <span class='ocrx_word' id='word_1_46' title='bbox 1395 2288 1784 2371; x_wconf 90' lang='lat' dir='ltr'><strong>tabulatis</strong></span> <span class='ocrx_word' id='word_1_47' title='bbox 1877 2290 2421 2371; x_wconf 88' lang='lat' dir='ltr'><strong>Venetiarum</strong></span> 
     </span>
     <span class='ocr_line' id='line_1_11' title="bbox 659 2453 2421 2564; baseline 0.001 -29"><span class='ocrx_word' id='word_1_48' title='bbox 659 2453 1111 2535; x_wconf 91' lang='lat' dir='ltr'><strong>domorum</strong></span> <span class='ocrx_word' id='word_1_49' title='bbox 1184 2454 1621 2563; x_wconf 88' lang='lat' dir='ltr'><strong>peculiaris</strong></span> <span class='ocrx_word' id='word_1_50' title='bbox 1703 2455 2107 2552; x_wconf 90' lang='lat' dir='ltr'><strong>excitant;</strong></span> <span class='ocrx_word' id='word_1_51' title='bbox 2206 2481 2421 2564; x_wconf 92' lang='lat' dir='ltr'><strong>quae</strong></span> 
     </span>
     <span class='ocr_line' id='line_1_12' title="bbox 660 2620 2422 2703; baseline 0 -1"><span class='ocrx_word' id='word_1_52' title='bbox 660 2620 1022 2702; x_wconf 87' lang='lat' dir='ltr'><strong>evidenti</strong></span> <span class='ocrx_word' id='word_1_53' title='bbox 1086 2621 1453 2702; x_wconf 88' lang='lat' dir='ltr'><strong>veritatis</strong></span> <span class='ocrx_word' id='word_1_54' title='bbox 1515 2621 1793 2703; x_wconf 92' lang='lat' dir='ltr'><strong>studio</strong></span> <span class='ocrx_word' id='word_1_55' title='bbox 1859 2620 2014 2702; x_wconf 91' lang='lat' dir='ltr'><strong>hac</strong></span> <span class='ocrx_word' id='word_1_56' title='bbox 2076 2621 2155 2701; x_wconf 94' lang='lat' dir='ltr'><strong>in</strong></span> <span class='ocrx_word' id='word_1_57' title='bbox 2221 2621 2422 2702; x_wconf 91' lang='lat' dir='ltr'><strong>ima-</strong></span> 
     </span>
     <span class='ocr_line' id='line_1_13' title="bbox 659 2786 1932 2897; baseline 0.001 -30"><span class='ocrx_word' id='word_1_58' title='bbox 659 2786 854 2897; x_wconf 83' lang='lat' dir='ltr'><strong>gine</strong></span> <span class='ocrx_word' id='word_1_59' title='bbox 921 2786 1321 2868; x_wconf 90' lang='lat' dir='ltr'><strong>imitando</strong></span> <span class='ocrx_word' id='word_1_60' title='bbox 1389 2787 1656 2869; x_wconf 88' lang='lat' dir='ltr'><strong>efficta</strong></span> <span class='ocrx_word' id='word_1_61' title='bbox 1719 2801 1932 2870; x_wconf 91' lang='lat' dir='ltr'><strong>sunt.</strong></span> 
     </span>
    </p>

    <p class='ocr_par' dir='ltr' id='par_1_3' title="bbox 659 2952 2422 3560">
     <span class='ocr_line' id='line_1_14' title="bbox 813 2952 2420 3062; baseline 0.002 -29"><span class='ocrx_word' id='word_1_62' title='bbox 813 2952 1005 3033; x_wconf 91' lang='lat' dir='ltr'><strong>Hoc</strong></span> <span class='ocrx_word' id='word_1_63' title='bbox 1087 2953 1165 3033; x_wconf 90' lang='lat' dir='ltr'><strong>in</strong></span> <span class='ocrx_word' id='word_1_64' title='bbox 1242 2953 1573 3062; x_wconf 89' lang='lat' dir='ltr'><strong>fastigio</strong></span> <span class='ocrx_word' id='word_1_65' title='bbox 1647 2954 1843 3035; x_wconf 90' lang='lat' dir='ltr'><strong>artis</strong></span> <span class='ocrx_word' id='word_1_66' title='bbox 1916 2953 2205 3036; x_wconf 82' lang='lat' dir='ltr'><strong>artifex</strong></span> <span class='ocrx_word' id='word_1_67' title='bbox 2284 2981 2420 3036; x_wconf 91' lang='lat' dir='ltr'><strong>se-</strong></span> 
     </span>
     <span class='ocr_line' id='line_1_15' title="bbox 659 3118 2403 3230; baseline 0.001 -31"><span class='ocrx_word' id='word_1_68' title='bbox 659 3118 942 3228; x_wconf 88' lang='lat' dir='ltr'><strong>quenti</strong></span> <span class='ocrx_word' id='word_1_69' title='bbox 1000 3146 1340 3229; x_wconf 90' lang='lat' dir='ltr'><strong>quoque</strong></span> <span class='ocrx_word' id='word_1_70' title='bbox 1396 3119 1734 3229; x_wconf 82' lang='lat' dir='ltr'><strong>pictura,</strong></span> <span class='ocrx_word' id='word_1_71' title='bbox 1804 3147 2019 3229; x_wconf 89' lang='lat' dir='ltr'><strong>quae</strong></span> <span class='ocrx_word' id='word_1_72' title='bbox 2076 3147 2265 3230; x_wconf 93' lang='lat' dir='ltr'><strong>pag.</strong></span> <span class='ocrx_word' id='word_1_73' title='bbox 2304 3143 2403 3223; x_wconf 88' lang='lat'><strong>41</strong></span> 
     </span>
     <span class='ocr_line' id='line_1_16' title="bbox 659 3283 2422 3395; baseline 0.001 -31"><span class='ocrx_word' id='word_1_74' title='bbox 659 3283 1147 3391; x_wconf 90' lang='lat' dir='ltr'><strong>parabolam</strong></span> <span class='ocrx_word' id='word_1_75' title='bbox 1221 3284 1476 3366; x_wconf 89' lang='lat' dir='ltr'><strong>vineti</strong></span> <span class='ocrx_word' id='word_1_76' title='bbox 1553 3285 1852 3383; x_wconf 86' lang='lat' dir='ltr'><strong>reddit,</strong></span> <span class='ocrx_word' id='word_1_77' title='bbox 1938 3297 2422 3395; x_wconf 86' lang='lat' dir='ltr'><strong>perseverat</strong></span> 
     </span>
     <span class='ocr_line' id='line_1_17' title="bbox 662 3446 1167 3560; baseline 0.002 -31"><span class='ocrx_word' id='word_1_78' title='bbox 662 3447 766 3558; x_wconf 86' lang='lat' dir='ltr'><strong>(v.</strong></span> <span class='ocrx_word' id='word_1_79' title='bbox 814 3449 949 3560; x_wconf 92' lang='lat' dir='ltr'><strong>fig.</strong></span> <span class='ocrx_word' id='word_1_80' title='bbox 1001 3446 1167 3558; x_wconf 83' lang='lat'><strong>35).</strong></span> 
     </span>
    </p>
   </div>
   <div class='ocr_carea' id='block_1_3' title="bbox 656 3615 2420 3726">
    <p class='ocr_par' dir='ltr' id='par_1_4' title="bbox 656 3615 2420 3726">
     <span class='ocr_line' id='line_1_18' title="bbox 656 3615 2420 3726; baseline 0.001 -29"><span class='ocrx_word' id='word_1_81' title='bbox 656 3615 856 3697; x_wconf 91' lang='lat' dir='ltr'><strong>time</strong></span> <span class='ocrx_word' id='word_1_82' title='bbox 941 3615 1014 3696; x_wconf 93' lang='lat' dir='ltr'><strong>ei</strong></span> <span class='ocrx_word' id='word_1_83' title='bbox 1089 3616 1438 3725; x_wconf 93' lang='lat' dir='ltr'><strong>contigit</strong></span> <span class='ocrx_word' id='word_1_84' title='bbox 1521 3616 1816 3698; x_wconf 90' lang='lat' dir='ltr'><strong>iratum</strong></span> <span class='ocrx_word' id='word_1_85' title='bbox 1901 3629 2220 3726; x_wconf 87' lang='lat' dir='ltr'><strong>patrem</strong></span> <span class='ocrx_word' id='word_1_86' title='bbox 2304 3616 2420 3698; x_wconf 93' lang='lat' dir='ltr'><strong>fa-</strong></span> 
     </span>
    </p>
   </div>
   <div class='ocr_carea' id='block_1_4' title="bbox 1298 3439 2421 3561">
    <p class='ocr_par' dir='ltr' id='par_1_5' title="bbox 1298 3439 2421 3561">
     <span class='ocr_line' id='line_1_19' title="bbox 1298 3439 2421 3561; baseline 0.001 -31"><span class='ocrx_word' id='word_1_87' title='bbox 1298 3439 1519 3531; x_wconf 72' lang='lat' dir='ltr'><strong>Nam&#39;</strong></span> <span class='ocrx_word' id='word_1_88' title='bbox 1617 3450 1747 3532; x_wconf 91' lang='lat' dir='ltr'><strong>hic</strong></span> <span class='ocrx_word' id='word_1_89' title='bbox 1836 3477 2176 3561; x_wconf 92' lang='lat' dir='ltr'><strong>quoque</strong></span> <span class='ocrx_word' id='word_1_90' title='bbox 2267 3477 2421 3559; x_wconf 95' lang='lat' dir='ltr'><strong>op-</strong></span> 
     </span>
    </p>
   </div>
   <div class='ocr_carea' id='block_1_5' title="bbox 654 3767 2425 6046">
    <p class='ocr_par' dir='ltr' id='par_1_6' title="bbox 654 3767 2425 6046">
     <span class='ocr_line' id='line_1_20' title="bbox 659 3767 2419 3893; baseline 0 -30"><span class='ocrx_word' id='word_1_91' title='bbox 659 3782 927 3863; x_wconf 90' lang='lat' dir='ltr'><strong>milias</strong></span> <span class='ocrx_word' id='word_1_92' title='bbox 1027 3809 1356 3864; x_wconf 90' lang='lat' dir='ltr'><strong>rursum</strong></span> <span class='ocrx_word' id='word_1_93' title='bbox 1458 3767 1845 3893; x_wconf 74' lang='lat' dir='ltr'><strong>prorsum</strong></span> <span class='ocrx_word' id='word_1_94' title='bbox 1946 3796 2419 3865; x_wconf 83' lang='lat' dir='ltr'><strong>cursantem</strong></span> 
     </span>
     <span class='ocr_line' id='line_1_21' title="bbox 657 3949 2425 4059; baseline 0 -30"><span class='ocrx_word' id='word_1_95' title='bbox 657 3960 739 4029; x_wconf 91' lang='lat' dir='ltr'><strong>et</strong></span> <span class='ocrx_word' id='word_1_96' title='bbox 794 3949 1200 4031; x_wconf 88' lang='lat' dir='ltr'><strong>rationem</strong></span> <span class='ocrx_word' id='word_1_97' title='bbox 1260 3962 1844 4058; x_wconf 87' lang='lat' dir='ltr'><strong>reposcentem</strong></span> <span class='ocrx_word' id='word_1_98' title='bbox 1903 3962 2153 4058; x_wconf 91' lang='lat' dir='ltr'><strong>atque</strong></span> <span class='ocrx_word' id='word_1_99' title='bbox 2208 3949 2425 4059; x_wconf 88' lang='lat' dir='ltr'><strong>agri-</strong></span> 
     </span>
     <span class='ocr_line' id='line_1_22' title="bbox 657 4113 2418 4197; baseline 0.001 -4"><span class='ocrx_word' id='word_1_100' title='bbox 657 4114 886 4196; x_wconf 91' lang='lat' dir='ltr'><strong>colas</strong></span> <span class='ocrx_word' id='word_1_101' title='bbox 983 4115 1390 4197; x_wconf 89' lang='lat' dir='ltr'><strong>rationem</strong></span> <span class='ocrx_word' id='word_1_102' title='bbox 1491 4113 2008 4196; x_wconf 89' lang='lat' dir='ltr'><strong>reddendam</strong></span> <span class='ocrx_word' id='word_1_103' title='bbox 2106 4115 2418 4195; x_wconf 86' lang='lat' dir='ltr'><strong>evitare</strong></span> 
     </span>
     <span class='ocr_line' id='line_1_23' title="bbox 656 4279 2419 4389; baseline 0 -28"><span class='ocrx_word' id='word_1_104' title='bbox 656 4280 1121 4377; x_wconf 91' lang='lat' dir='ltr'><strong>studentes,</strong></span> <span class='ocrx_word' id='word_1_105' title='bbox 1239 4307 1429 4361; x_wconf 91' lang='lat' dir='ltr'><strong>cum</strong></span> <span class='ocrx_word' id='word_1_106' title='bbox 1545 4279 2094 4361; x_wconf 91' lang='lat' dir='ltr'><strong>intentissime</strong></span> <span class='ocrx_word' id='word_1_107' title='bbox 2201 4306 2419 4389; x_wconf 91' lang='lat' dir='ltr'><strong>opus</strong></span> 
     </span>
     <span class='ocr_line' id='line_1_24' title="bbox 654 4445 2415 4555; baseline 0 -29"><span class='ocrx_word' id='word_1_108' title='bbox 654 4458 978 4527; x_wconf 91' lang='lat' dir='ltr'><strong>tantum</strong></span> <span class='ocrx_word' id='word_1_109' title='bbox 1051 4473 1143 4527; x_wconf 91' lang='lat' dir='ltr'><strong>se</strong></span> <span class='ocrx_word' id='word_1_110' title='bbox 1218 4472 1504 4527; x_wconf 88' lang='lat' dir='ltr'><strong>curare</strong></span> <span class='ocrx_word' id='word_1_111' title='bbox 1577 4445 1991 4541; x_wconf 90' lang='lat' dir='ltr'><strong>simulant,</strong></span> <span class='ocrx_word' id='word_1_112' title='bbox 2076 4445 2415 4555; x_wconf 91' lang='lat' dir='ltr'><strong>fingere.</strong></span> 
     </span>
     <span class='ocr_line' id='line_1_25' title="bbox 658 4608 2419 4720; baseline -0.001 -29"><span class='ocrx_word' id='word_1_113' title='bbox 658 4611 991 4692; x_wconf 90' lang='lat' dir='ltr'><strong>Nullius</strong></span> <span class='ocrx_word' id='word_1_114' title='bbox 1066 4611 1469 4691; x_wconf 91' lang='lat' dir='ltr'><strong>momenti</strong></span> <span class='ocrx_word' id='word_1_115' title='bbox 1554 4622 1680 4692; x_wconf 92' lang='lat' dir='ltr'><strong>est</strong></span> <span class='ocrx_word' id='word_1_116' title='bbox 1762 4610 2043 4720; x_wconf 91' lang='lat' dir='ltr'><strong>imago</strong></span> <span class='ocrx_word' id='word_1_117' title='bbox 2118 4608 2419 4691; x_wconf 84' lang='lat' dir='ltr'><strong>Sama-</strong></span> 
     </span>
     <span class='ocr_line' id='line_1_26' title="bbox 656 4775 2419 4886; baseline 0 -30"><span class='ocrx_word' id='word_1_118' title='bbox 656 4775 971 4858; x_wconf 89' lang='lat' dir='ltr'><strong>ritanae</strong></span> <span class='ocrx_word' id='word_1_119' title='bbox 1055 4777 1161 4858; x_wconf 90' lang='lat' dir='ltr'><strong>ad</strong></span> <span class='ocrx_word' id='word_1_120' title='bbox 1246 4777 1564 4858; x_wconf 90' lang='lat' dir='ltr'><strong>fontem</strong></span> <span class='ocrx_word' id='word_1_121' title='bbox 1648 4802 1836 4886; x_wconf 90' lang='lat' dir='ltr'><strong>pag.</strong></span> <span class='ocrx_word' id='word_1_122' title='bbox 1908 4778 2024 4880; x_wconf 83' lang='lat'><strong>84</strong></span> <span class='ocrx_word' id='word_1_123' title='bbox 2085 4803 2162 4856; x_wconf 88' lang='lat' dir='ltr'><strong>v.</strong></span> <span class='ocrx_word' id='word_1_124' title='bbox 2276 4775 2419 4856; x_wconf 85' lang='lat' dir='ltr'><strong>Ab</strong></span> 
     </span>
     <span class='ocr_line' id='line_1_27' title="bbox 657 4941 2421 5052; baseline -0.001 -28"><span class='ocrx_word' id='word_1_125' title='bbox 657 4955 1001 5052; x_wconf 88' lang='lat' dir='ltr'><strong>utraque</strong></span> <span class='ocrx_word' id='word_1_126' title='bbox 1097 4942 1450 5051; x_wconf 90' lang='lat' dir='ltr'><strong>putealis</strong></span> <span class='ocrx_word' id='word_1_127' title='bbox 1548 4954 1779 5052; x_wconf 88' lang='lat' dir='ltr'><strong>parte</strong></span> <span class='ocrx_word' id='word_1_128' title='bbox 1874 4941 2421 5023; x_wconf 89' lang='lat' dir='ltr'><strong>constiterunt</strong></span> 
     </span>
     <span class='ocr_line' id='line_1_28' title="bbox 658 5106 2417 5217; baseline -0.001 -29"><span class='ocrx_word' id='word_1_129' title='bbox 658 5106 1037 5189; x_wconf 89' lang='lat' dir='ltr'><strong>Christus</strong></span> <span class='ocrx_word' id='word_1_130' title='bbox 1120 5107 1478 5217; x_wconf 91' lang='lat' dir='ltr'><strong>loquens</strong></span> <span class='ocrx_word' id='word_1_131' title='bbox 1562 5119 1644 5188; x_wconf 92' lang='lat' dir='ltr'><strong>et</strong></span> <span class='ocrx_word' id='word_1_132' title='bbox 1714 5107 2007 5189; x_wconf 91' lang='lat' dir='ltr'><strong>mulier</strong></span> <span class='ocrx_word' id='word_1_133' title='bbox 2083 5106 2417 5188; x_wconf 89' lang='lat' dir='ltr'><strong>situlam</strong></span> 
     </span>
     <span class='ocr_line' id='line_1_29' title="bbox 654 5261 2419 5383; baseline -0.001 -29"><span class='ocrx_word' id='word_1_134' title='bbox 654 5273 1026 5354; x_wconf 89' lang='lat' dir='ltr'><strong>trochlea</strong></span> <span class='ocrx_word' id='word_1_135' title='bbox 1079 5273 1459 5355; x_wconf 92' lang='lat' dir='ltr'><strong>moliens.</strong></span> <span class='ocrx_word' id='word_1_136' title='bbox 1539 5274 1629 5353; x_wconf 96' lang='lat' dir='ltr'><strong>In</strong></span> <span class='ocrx_word' id='word_1_137' title='bbox 1678 5273 1994 5383; x_wconf 87' lang='lat' dir='ltr'><strong>pictura</strong></span> <span class='ocrx_word' id='word_1_138' title='bbox 2047 5261 2419 5353; x_wconf 84' lang='lat' dir='ltr'><strong>extrema</strong></span> 
     </span>
     <span class='ocr_line' id='line_1_30' title="bbox 654 5438 2414 5549; baseline 0 -29"><span class='ocrx_word' id='word_1_139' title='bbox 654 5451 896 5549; x_wconf 88' lang='lat' dir='ltr'><strong>porta</strong></span> <span class='ocrx_word' id='word_1_140' title='bbox 980 5439 1206 5520; x_wconf 87' lang='lat' dir='ltr'><strong>urbis</strong></span> <span class='ocrx_word' id='word_1_141' title='bbox 1287 5439 1565 5548; x_wconf 89' lang='lat' dir='ltr'><strong>specie</strong></span> <span class='ocrx_word' id='word_1_142' title='bbox 1650 5438 1961 5520; x_wconf 88' lang='lat' dir='ltr'><strong>castelli</strong></span> <span class='ocrx_word' id='word_1_143' title='bbox 2045 5451 2414 5548; x_wconf 89' lang='lat' dir='ltr'><strong>apparet,</strong></span> 
     </span>
     <span class='ocr_line' id='line_1_31' title="bbox 656 5604 2417 5715; baseline -0.001 -29"><span class='ocrx_word' id='word_1_144' title='bbox 656 5617 852 5715; x_wconf 92' lang='lat' dir='ltr'><strong>post</strong></span> <span class='ocrx_word' id='word_1_145' title='bbox 945 5632 1199 5714; x_wconf 91' lang='lat' dir='ltr'><strong>quam</strong></span> <span class='ocrx_word' id='word_1_146' title='bbox 1294 5605 1539 5685; x_wconf 88' lang='lat' dir='ltr'><strong>turris</strong></span> <span class='ocrx_word' id='word_1_147' title='bbox 1637 5604 2142 5713; x_wconf 88' lang='lat' dir='ltr'><strong>conspicitur</strong></span> <span class='ocrx_word' id='word_1_148' title='bbox 2245 5632 2417 5685; x_wconf 90' lang='lat' dir='ltr'><strong>non</strong></span> 
     </span>
     <span class='ocr_line' id='line_1_32' title="bbox 654 5769 2416 5880; baseline -0.001 -28"><span class='ocrx_word' id='word_1_149' title='bbox 654 5772 1041 5880; x_wconf 88' lang='lat' dir='ltr'><strong>fastigata</strong></span> <span class='ocrx_word' id='word_1_150' title='bbox 1154 5784 1235 5853; x_wconf 92' lang='lat' dir='ltr'><strong>et</strong></span> <span class='ocrx_word' id='word_1_151' title='bbox 1338 5769 1911 5880; x_wconf 87' lang='lat' dir='ltr'><strong>compluribus</strong></span> <span class='ocrx_word' id='word_1_152' title='bbox 2026 5770 2416 5852; x_wconf 89' lang='lat' dir='ltr'><strong>tabulatis</strong></span> 
     </span>
     <span class='ocr_line' id='line_1_33' title="bbox 654 5935 2416 6046; baseline -0.001 -28"><span class='ocrx_word' id='word_1_153' title='bbox 654 5937 865 6018; x_wconf 89' lang='lat' dir='ltr'><strong>ultra</strong></span> <span class='ocrx_word' id='word_1_154' title='bbox 981 5936 1444 6046; x_wconf 92' lang='lat' dir='ltr'><strong>marginem</strong></span> <span class='ocrx_word' id='word_1_155' title='bbox 1570 5935 1953 6045; x_wconf 91' lang='lat' dir='ltr'><strong>imaginis</strong></span> <span class='ocrx_word' id='word_1_156' title='bbox 2066 5961 2416 6045; x_wconf 93' lang='lat' dir='ltr'><strong>progre-</strong></span> 
     </span>
    </p>
   </div>
   <div class='ocr_carea' id='block_1_6' title="bbox 653 6101 2417 6212">
    <p class='ocr_par' dir='ltr' id='par_1_7' title="bbox 653 6101 2417 6212">
     <span class='ocr_line' id='line_1_34' title="bbox 653 6101 2417 6212; baseline 0 -30"><span class='ocrx_word' id='word_1_157' title='bbox 653 6101 914 6199; x_wconf 89' lang='lat' dir='ltr'><strong>diens,</strong></span> <span class='ocrx_word' id='word_1_158' title='bbox 974 6130 1141 6211; x_wconf 89' lang='lat' dir='ltr'><strong>qua</strong></span> <span class='ocrx_word' id='word_1_159' title='bbox 1185 6102 1769 6212; x_wconf 84' lang='lat' dir='ltr'><strong>Spalatensem</strong></span> <span class='ocrx_word' id='word_1_160' title='bbox 1826 6115 2136 6184; x_wconf 88' lang='lat' dir='ltr'><strong>turrem</strong></span> <span class='ocrx_word' id='word_1_161' title='bbox 2195 6128 2417 6182; x_wconf 91' lang='lat' dir='ltr'><strong>cam-</strong></span> 
     </span>
    </p>
   </div>
   <div class='ocr_carea' id='block_1_7' title="bbox 2627 964 4403 6048">
    <p class='ocr_par' dir='ltr' id='par_1_8' title="bbox 2637 964 4403 1241">
     <span class='ocr_line' id='line_1_35' title="bbox 2638 964 4403 1072; baseline 0.006 -29"><span class='ocrx_word' id='word_1_162' title='bbox 2638 964 3065 1072; x_wconf 88' lang='lat' dir='ltr'><strong>panariam</strong></span> <span class='ocrx_word' id='word_1_163' title='bbox 3151 965 3229 1044; x_wconf 89' lang='lat' dir='ltr'><strong>in</strong></span> <span class='ocrx_word' id='word_1_164' title='bbox 3316 968 3809 1049; x_wconf 90' lang='lat' dir='ltr'><strong>memoriam</strong></span> <span class='ocrx_word' id='word_1_165' title='bbox 3895 970 4172 1052; x_wconf 84' lang='lat' dir='ltr'><strong>reduci</strong></span> <span class='ocrx_word' id='word_1_166' title='bbox 4260 1000 4403 1055; x_wconf 91' lang='lat' dir='ltr'><strong>ne-</strong></span> 
     </span>
     <span class='ocr_line' id='line_1_36' title="bbox 2637 1131 3191 1241; baseline 0.002 -30"><span class='ocrx_word' id='word_1_167' title='bbox 2637 1131 2817 1239; x_wconf 88' lang='lat' dir='ltr'><strong>gari</strong></span> <span class='ocrx_word' id='word_1_168' title='bbox 2884 1131 3191 1241; x_wconf 92' lang='lat' dir='ltr'><strong>nequit.</strong></span> 
     </span>
    </p>

    <p class='ocr_par' dir='ltr' id='par_1_9' title="bbox 2634 1295 4403 2729">
     <span class='ocr_line' id='line_1_37' title="bbox 2791 1295 4403 1414; baseline 0.005 -36"><span class='ocrx_word' id='word_1_169' title='bbox 2791 1295 3059 1378; x_wconf 83' lang='lat' dir='ltr'><strong>Simili</strong></span> <span class='ocrx_word' id='word_1_170' title='bbox 3144 1298 3402 1379; x_wconf 92' lang='lat' dir='ltr'><strong>modo</strong></span> <span class='ocrx_word' id='word_1_171' title='bbox 3490 1300 3706 1381; x_wconf 88' lang='lat' dir='ltr'><strong>caeci</strong></span> <span class='ocrx_word' id='word_1_172' title='bbox 3790 1303 4113 1384; x_wconf 89' lang='lat' dir='ltr'><strong>sanatio</strong></span> <span class='ocrx_word' id='word_1_173' title='bbox 4207 1331 4403 1414; x_wconf 90' lang='lat' dir='ltr'><strong>pag.</strong></span> 
     </span>
     <span class='ocr_line' id='line_1_38' title="bbox 2640 1464 4402 1576; baseline 0.006 -35"><span class='ocrx_word' id='word_1_174' title='bbox 2640 1480 2751 1566; x_wconf 88' lang='lat'><strong>55</strong></span> <span class='ocrx_word' id='word_1_175' title='bbox 2806 1490 2862 1542; x_wconf 87' lang='lat' dir='ltr'><strong>v</strong></span> <span class='ocrx_word' id='word_1_176' title='bbox 2944 1489 3265 1544; x_wconf 91' lang='lat' dir='ltr'><strong>merum</strong></span> <span class='ocrx_word' id='word_1_177' title='bbox 3348 1464 3436 1545; x_wconf 93' lang='lat' dir='ltr'><strong>fit</strong></span> <span class='ocrx_word' id='word_1_178' title='bbox 3517 1465 4050 1576; x_wconf 89' lang='lat' dir='ltr'><strong>colloquium.</strong></span> <span class='ocrx_word' id='word_1_179' title='bbox 4167 1470 4402 1551; x_wconf 92' lang='lat' dir='ltr'><strong>Iesus</strong></span> 
     </span>
     <span class='ocr_line' id='line_1_39' title="bbox 2638 1625 4400 1739; baseline 0.006 -34"><span class='ocrx_word' id='word_1_180' title='bbox 2638 1625 2860 1706; x_wconf 92' lang='lat' dir='ltr'><strong>enim</strong></span> <span class='ocrx_word' id='word_1_181' title='bbox 2925 1629 3410 1739; x_wconf 90' lang='lat' dir='ltr'><strong>conspergit</strong></span> <span class='ocrx_word' id='word_1_182' title='bbox 3466 1631 3761 1713; x_wconf 91' lang='lat' dir='ltr'><strong>oculos</strong></span> <span class='ocrx_word' id='word_1_183' title='bbox 3818 1633 4040 1714; x_wconf 90' lang='lat' dir='ltr'><strong>caeci</strong></span> <span class='ocrx_word' id='word_1_184' title='bbox 4098 1633 4400 1716; x_wconf 88' lang='lat' dir='ltr'><strong>baculo</strong></span> 
     </span>
     <span class='ocr_line' id='line_1_40' title="bbox 2638 1788 4400 1905; baseline 0.007 -36"><span class='ocrx_word' id='word_1_185' title='bbox 2638 1788 2890 1871; x_wconf 85' lang='lat' dir='ltr'><strong>innixi</strong></span> <span class='ocrx_word' id='word_1_186' title='bbox 2946 1793 3517 1903; x_wconf 90' lang='lat' dir='ltr'><strong>compluribus</strong></span> <span class='ocrx_word' id='word_1_187' title='bbox 3568 1797 3976 1905; x_wconf 91' lang='lat' dir='ltr'><strong>apostolis</strong></span> <span class='ocrx_word' id='word_1_188' title='bbox 4030 1798 4400 1880; x_wconf 90' lang='lat' dir='ltr'><strong>tabulam</strong></span> 
     </span>
     <span class='ocr_line' id='line_1_41' title="bbox 2638 1956 4402 2069; baseline 0.006 -33"><span class='ocrx_word' id='word_1_189' title='bbox 2638 1956 3186 2065; x_wconf 84' lang='lat' dir='ltr'><strong>explentibus,</strong></span> <span class='ocrx_word' id='word_1_190' title='bbox 3266 1987 3369 2041; x_wconf 91' lang='lat' dir='ltr'><strong>ex</strong></span> <span class='ocrx_word' id='word_1_191' title='bbox 3433 1961 3741 2069; x_wconf 92' lang='lat' dir='ltr'><strong>quibus</strong></span> <span class='ocrx_word' id='word_1_192' title='bbox 3805 1964 4102 2046; x_wconf 91' lang='lat' dir='ltr'><strong>Petrus</strong></span> <span class='ocrx_word' id='word_1_193' title='bbox 4166 1966 4402 2047; x_wconf 92' lang='lat' dir='ltr'><strong>solus</strong></span> 
     </span>
     <span class='ocr_line' id='line_1_42' title="bbox 2638 2123 4400 2212; baseline 0.006 -11"><span class='ocrx_word' id='word_1_194' title='bbox 2638 2148 2873 2203; x_wconf 87' lang='lat' dir='ltr'><strong>more</strong></span> <span class='ocrx_word' id='word_1_195' title='bbox 2977 2123 3279 2205; x_wconf 89' lang='lat' dir='ltr'><strong>tradito</strong></span> <span class='ocrx_word' id='word_1_196' title='bbox 3387 2127 3767 2209; x_wconf 88' lang='lat' dir='ltr'><strong>caerulea</strong></span> <span class='ocrx_word' id='word_1_197' title='bbox 3865 2129 4144 2211; x_wconf 90' lang='lat' dir='ltr'><strong>tunica</strong></span> <span class='ocrx_word' id='word_1_198' title='bbox 4244 2131 4400 2212; x_wconf 92' lang='lat' dir='ltr'><strong>ful-</strong></span> 
     </span>
     <span class='ocr_line' id='line_1_43' title="bbox 2634 2291 4398 2408; baseline 0.007 -41"><span class='ocrx_word' id='word_1_199' title='bbox 2634 2315 2918 2396; x_wconf 82' lang='lat' dir='ltr'><strong>voque</strong></span> <span class='ocrx_word' id='word_1_200' title='bbox 2992 2291 3243 2398; x_wconf 91' lang='lat' dir='ltr'><strong>pallio</strong></span> <span class='ocrx_word' id='word_1_201' title='bbox 3321 2293 3671 2375; x_wconf 90' lang='lat' dir='ltr'><strong>amictus</strong></span> <span class='ocrx_word' id='word_1_202' title='bbox 3746 2306 3828 2376; x_wconf 89' lang='lat' dir='ltr'><strong>et</strong></span> <span class='ocrx_word' id='word_1_203' title='bbox 3902 2295 4183 2378; x_wconf 89' lang='lat' dir='ltr'><strong>claves</strong></span> <span class='ocrx_word' id='word_1_204' title='bbox 4246 2325 4398 2408; x_wconf 90' lang='lat' dir='ltr'><strong>ge-</strong></span> 
     </span>
     <span class='ocr_line' id='line_1_44' title="bbox 2638 2453 4399 2573; baseline 0.007 -41"><span class='ocrx_word' id='word_1_205' title='bbox 2638 2453 2906 2535; x_wconf 89' lang='lat' dir='ltr'><strong>minas</strong></span> <span class='ocrx_word' id='word_1_206' title='bbox 2989 2483 3243 2538; x_wconf 88' lang='lat' dir='ltr'><strong>manu</strong></span> <span class='ocrx_word' id='word_1_207' title='bbox 3328 2470 3622 2540; x_wconf 89' lang='lat' dir='ltr'><strong>tenens</strong></span> <span class='ocrx_word' id='word_1_208' title='bbox 3704 2474 4072 2570; x_wconf 89' lang='lat' dir='ltr'><strong>apparet,</strong></span> <span class='ocrx_word' id='word_1_209' title='bbox 4162 2462 4399 2573; x_wconf 91' lang='lat' dir='ltr'><strong>isque</strong></span> 
     </span>
     <span class='ocr_line' id='line_1_45' title="bbox 2634 2618 3164 2729; baseline 0.006 -31"><span class='ocrx_word' id='word_1_210' title='bbox 2634 2629 2812 2700; x_wconf 92' lang='lat' dir='ltr'><strong>tota</strong></span> <span class='ocrx_word' id='word_1_211' title='bbox 2876 2618 3164 2729; x_wconf 91' lang='lat' dir='ltr'><strong>figura.</strong></span> 
     </span>
    </p>

    <p class='ocr_par' dir='ltr' id='par_1_10' title="bbox 2628 2785 4396 4555">
     <span class='ocr_line' id='line_1_46' title="bbox 2786 2785 4395 2874; baseline 0.007 -10"><span class='ocrx_word' id='word_1_212' title='bbox 2786 2785 2878 2864; x_wconf 95' lang='lat' dir='ltr'><strong>In</strong></span> <span class='ocrx_word' id='word_1_213' title='bbox 3006 2785 3332 2868; x_wconf 86' lang='lat' dir='ltr'><strong>iuvenis</strong></span> <span class='ocrx_word' id='word_1_214' title='bbox 3449 2788 3930 2872; x_wconf 90' lang='lat' dir='ltr'><strong>Naimensis</strong></span> <span class='ocrx_word' id='word_1_215' title='bbox 4049 2819 4395 2874; x_wconf 88' lang='lat' dir='ltr'><strong>revoca-</strong></span> 
     </span>
     <span class='ocr_line' id='line_1_47' title="bbox 2631 2949 4391 3069; baseline 0.006 -40"><span class='ocrx_word' id='word_1_216' title='bbox 2631 2949 2859 3030; x_wconf 94' lang='lat' dir='ltr'><strong>tione</strong></span> <span class='ocrx_word' id='word_1_217' title='bbox 2923 2950 3029 3031; x_wconf 92' lang='lat' dir='ltr'><strong>ad</strong></span> <span class='ocrx_word' id='word_1_218' title='bbox 3095 2952 3350 3033; x_wconf 87' lang='lat' dir='ltr'><strong>vitam</strong></span> <span class='ocrx_word' id='word_1_219' title='bbox 3419 2952 3953 3065; x_wconf 88' lang='lat' dir='ltr'><strong>depingenda</strong></span> <span class='ocrx_word' id='word_1_220' title='bbox 4017 2985 4205 3069; x_wconf 92' lang='lat' dir='ltr'><strong>pag.</strong></span> <span class='ocrx_word' id='word_1_221' title='bbox 4255 2980 4391 3065; x_wconf 88' lang='lat'><strong>57,</strong></span> 
     </span>
     <span class='ocr_line' id='line_1_48' title="bbox 2633 3117 4396 3233; baseline 0.006 -38"><span class='ocrx_word' id='word_1_222' title='bbox 2633 3141 2849 3224; x_wconf 92' lang='lat' dir='ltr'><strong>quae</strong></span> <span class='ocrx_word' id='word_1_223' title='bbox 2915 3117 3253 3225; x_wconf 91' lang='lat' dir='ltr'><strong>quidem</strong></span> <span class='ocrx_word' id='word_1_224' title='bbox 3321 3118 3516 3200; x_wconf 92' lang='lat' dir='ltr'><strong>item</strong></span> <span class='ocrx_word' id='word_1_225' title='bbox 3581 3132 3774 3203; x_wconf 91' lang='lat' dir='ltr'><strong>ante</strong></span> <span class='ocrx_word' id='word_1_226' title='bbox 3839 3134 4171 3231; x_wconf 89' lang='lat' dir='ltr'><strong>portam</strong></span> <span class='ocrx_word' id='word_1_227' title='bbox 4243 3150 4396 3233; x_wconf 92' lang='lat' dir='ltr'><strong>op-</strong></span> 
     </span>
     <span class='ocr_line' id='line_1_49' title="bbox 2633 3281 4394 3392; baseline 0.006 -31"><span class='ocrx_word' id='word_1_228' title='bbox 2633 3281 2803 3389; x_wconf 93' lang='lat' dir='ltr'><strong>pidi</strong></span> <span class='ocrx_word' id='word_1_229' title='bbox 2900 3283 3231 3392; x_wconf 89' lang='lat' dir='ltr'><strong>geritur,</strong></span> <span class='ocrx_word' id='word_1_230' title='bbox 3330 3284 3621 3366; x_wconf 85' lang='lat' dir='ltr'><strong>artifex</strong></span> <span class='ocrx_word' id='word_1_231' title='bbox 3718 3313 3820 3367; x_wconf 91' lang='lat' dir='ltr'><strong>ex</strong></span> <span class='ocrx_word' id='word_1_232' title='bbox 3915 3286 4394 3371; x_wconf 89' lang='lat' dir='ltr'><strong>difficultate</strong></span> 
     </span>
     <span class='ocr_line' id='line_1_50' title="bbox 2633 3447 4396 3564; baseline 0.007 -39"><span class='ocrx_word' id='word_1_233' title='bbox 2633 3447 3102 3528; x_wconf 91' lang='lat' dir='ltr'><strong>Dominum</strong></span> <span class='ocrx_word' id='word_1_234' title='bbox 3180 3450 3526 3560; x_wconf 89' lang='lat' dir='ltr'><strong>eiusque</strong></span> <span class='ocrx_word' id='word_1_235' title='bbox 3599 3453 3978 3549; x_wconf 91' lang='lat' dir='ltr'><strong>comites,</strong></span> <span class='ocrx_word' id='word_1_236' title='bbox 4054 3455 4396 3564; x_wconf 92' lang='lat' dir='ltr'><strong>gerulos</strong></span> 
     </span>
     <span class='ocr_line' id='line_1_51' title="bbox 2633 3612 4393 3728; baseline 0.004 -35"><span class='ocrx_word' id='word_1_237' title='bbox 2633 3639 2825 3693; x_wconf 90' lang='lat' dir='ltr'><strong>cum</strong></span> <span class='ocrx_word' id='word_1_238' title='bbox 2926 3612 3227 3696; x_wconf 91' lang='lat' dir='ltr'><strong>feretro</strong></span> <span class='ocrx_word' id='word_1_239' title='bbox 3331 3628 3853 3725; x_wconf 90' lang='lat' dir='ltr'><strong>matremque</strong></span> <span class='ocrx_word' id='word_1_240' title='bbox 3942 3645 4170 3728; x_wconf 90' lang='lat' dir='ltr'><strong>genu</strong></span> <span class='ocrx_word' id='word_1_241' title='bbox 4271 3620 4393 3700; x_wconf 89' lang='lat' dir='ltr'><strong>ni-</strong></span> 
     </span>
     <span class='ocr_line' id='line_1_52' title="bbox 2632 3780 4392 3891; baseline 0.005 -33"><span class='ocrx_word' id='word_1_242' title='bbox 2632 3806 2826 3859; x_wconf 90' lang='lat' dir='ltr'><strong>xam</strong></span> <span class='ocrx_word' id='word_1_243' title='bbox 2913 3780 2991 3860; x_wconf 89' lang='lat' dir='ltr'><strong>in</strong></span> <span class='ocrx_word' id='word_1_244' title='bbox 3078 3781 3387 3889; x_wconf 90' lang='lat' dir='ltr'><strong>exiguo</strong></span> <span class='ocrx_word' id='word_1_245' title='bbox 3471 3782 3742 3891; x_wconf 91' lang='lat' dir='ltr'><strong>spatio</strong></span> <span class='ocrx_word' id='word_1_246' title='bbox 3836 3784 4392 3866; x_wconf 91' lang='lat' dir='ltr'><strong>constituendi</strong></span> 
     </span>
     <span class='ocr_line' id='line_1_53' title="bbox 2632 3943 4394 4058; baseline 0.005 -35"><span class='ocrx_word' id='word_1_247' title='bbox 2632 3943 2787 4025; x_wconf 89' lang='lat' dir='ltr'><strong>hac</strong></span> <span class='ocrx_word' id='word_1_248' title='bbox 2857 3957 3176 4027; x_wconf 90' lang='lat' dir='ltr'><strong>tantum</strong></span> <span class='ocrx_word' id='word_1_249' title='bbox 3258 3946 3579 4028; x_wconf 89' lang='lat' dir='ltr'><strong>ratione</strong></span> <span class='ocrx_word' id='word_1_250' title='bbox 3655 3974 3747 4030; x_wconf 93' lang='lat' dir='ltr'><strong>se</strong></span> <span class='ocrx_word' id='word_1_251' title='bbox 3832 3948 4070 4030; x_wconf 87' lang='lat' dir='ltr'><strong>novit</strong></span> <span class='ocrx_word' id='word_1_252' title='bbox 4142 3976 4394 4058; x_wconf 92' lang='lat' dir='ltr'><strong>expe-</strong></span> 
     </span>
     <span class='ocr_line' id='line_1_54' title="bbox 2631 4109 4394 4221; baseline 0.004 -32"><span class='ocrx_word' id='word_1_253' title='bbox 2631 4109 2837 4206; x_wconf 89' lang='lat' dir='ltr'><strong>dire,</strong></span> <span class='ocrx_word' id='word_1_254' title='bbox 2914 4121 3005 4190; x_wconf 92' lang='lat' dir='ltr'><strong>ut</strong></span> <span class='ocrx_word' id='word_1_255' title='bbox 3088 4138 3493 4221; x_wconf 89' lang='lat' dir='ltr'><strong>personas</strong></span> <span class='ocrx_word' id='word_1_256' title='bbox 3576 4113 4113 4196; x_wconf 90' lang='lat' dir='ltr'><strong>incommode</strong></span> <span class='ocrx_word' id='word_1_257' title='bbox 4191 4114 4394 4196; x_wconf 90' lang='lat' dir='ltr'><strong>alias</strong></span> 
     </span>
     <span class='ocr_line' id='line_1_55' title="bbox 2628 4278 4393 4391; baseline 0.002 -33"><span class='ocrx_word' id='word_1_258' title='bbox 2628 4304 2881 4387; x_wconf 88' lang='lat' dir='ltr'><strong>super</strong></span> <span class='ocrx_word' id='word_1_259' title='bbox 2934 4278 3138 4359; x_wconf 89' lang='lat' dir='ltr'><strong>alias</strong></span> <span class='ocrx_word' id='word_1_260' title='bbox 3196 4291 3731 4360; x_wconf 87' lang='lat' dir='ltr'><strong>coacervatas</strong></span> <span class='ocrx_word' id='word_1_261' title='bbox 3789 4280 4018 4361; x_wconf 86' lang='lat' dir='ltr'><strong>varia</strong></span> <span class='ocrx_word' id='word_1_262' title='bbox 4074 4281 4393 4391; x_wconf 91' lang='lat' dir='ltr'><strong>magni-</strong></span> 
     </span>
     <span class='ocr_line' id='line_1_56' title="bbox 2628 4443 3338 4555; baseline 0.001 -31"><span class='ocrx_word' id='word_1_263' title='bbox 2628 4443 2916 4526; x_wconf 90' lang='lat' dir='ltr'><strong>tudine</strong></span> <span class='ocrx_word' id='word_1_264' title='bbox 2981 4443 3338 4555; x_wconf 88' lang='lat' dir='ltr'><strong>effingat.</strong></span> 
     </span>
    </p>

    <p class='ocr_par' dir='ltr' id='par_1_11' title="bbox 2627 4610 4398 6048">
     <span class='ocr_line' id='line_1_57' title="bbox 2781 4610 4388 4721; baseline 0.001 -31"><span class='ocrx_word' id='word_1_265' title='bbox 2781 4610 3072 4691; x_wconf 84' lang='lat' dir='ltr'><strong>Lazari</strong></span> <span class='ocrx_word' id='word_1_266' title='bbox 3170 4610 3594 4691; x_wconf 89' lang='lat' dir='ltr'><strong>revocatio</strong></span> <span class='ocrx_word' id='word_1_267' title='bbox 3690 4637 3742 4691; x_wconf 84' lang='lat' dir='ltr'><strong>a</strong></span> <span class='ocrx_word' id='word_1_268' title='bbox 3835 4624 4104 4693; x_wconf 89' lang='lat' dir='ltr'><strong>morte</strong></span> <span class='ocrx_word' id='word_1_269' title='bbox 4199 4637 4388 4721; x_wconf 92' lang='lat' dir='ltr'><strong>pag.</strong></span> 
     </span>
     <span class='ocr_line' id='line_1_58' title="bbox 2630 4775 4398 4884; baseline 0.001 -28"><span class='ocrx_word' id='word_1_270' title='bbox 2630 4778 2745 4882; x_wconf 84' lang='lat'><strong>58</strong></span> <span class='ocrx_word' id='word_1_271' title='bbox 2824 4775 3017 4857; x_wconf 89' lang='lat' dir='ltr'><strong>item</strong></span> <span class='ocrx_word' id='word_1_272' title='bbox 3092 4804 3142 4857; x_wconf 88' lang='lat' dir='ltr'><strong>a</strong></span> <span class='ocrx_word' id='word_1_273' title='bbox 3203 4788 3409 4884; x_wconf 91' lang='lat' dir='ltr'><strong>typo</strong></span> <span class='ocrx_word' id='word_1_274' title='bbox 3484 4775 3786 4858; x_wconf 91' lang='lat' dir='ltr'><strong>tradito</strong></span> <span class='ocrx_word' id='word_1_275' title='bbox 3861 4776 4188 4874; x_wconf 92' lang='lat' dir='ltr'><strong>recedit,</strong></span> <span class='ocrx_word' id='word_1_276' title='bbox 4268 4775 4398 4859; x_wconf 89' lang='lat' dir='ltr'><strong>hic</strong></span> 
     </span>
     <span class='ocr_line' id='line_1_59' title="bbox 2629 4941 4394 5052; baseline 0.001 -30"><span class='ocrx_word' id='word_1_277' title='bbox 2629 4969 2834 5024; x_wconf 88' lang='lat' dir='ltr'><strong>vero</strong></span> <span class='ocrx_word' id='word_1_278' title='bbox 2899 4941 3138 5052; x_wconf 89' lang='lat' dir='ltr'><strong>gravi</strong></span> <span class='ocrx_word' id='word_1_279' title='bbox 3205 4942 3543 5023; x_wconf 90' lang='lat' dir='ltr'><strong>inscitia.</strong></span> <span class='ocrx_word' id='word_1_280' title='bbox 3642 4943 3869 5023; x_wconf 88' lang='lat' dir='ltr'><strong>Ante</strong></span> <span class='ocrx_word' id='word_1_281' title='bbox 3942 4941 4394 5051; x_wconf 88' lang='lat' dir='ltr'><strong>sarcopha-</strong></span> 
     </span>
     <span class='ocr_line' id='line_1_60' title="bbox 2628 5106 4392 5218; baseline -0.002 -29"><span class='ocrx_word' id='word_1_282' title='bbox 2628 5135 2835 5218; x_wconf 89' lang='lat' dir='ltr'><strong>gum</strong></span> <span class='ocrx_word' id='word_1_283' title='bbox 2926 5107 3372 5217; x_wconf 90' lang='lat' dir='ltr'><strong>lapideum,</strong></span> <span class='ocrx_word' id='word_1_284' title='bbox 3473 5107 3706 5188; x_wconf 90' lang='lat' dir='ltr'><strong>cuius</strong></span> <span class='ocrx_word' id='word_1_285' title='bbox 3797 5106 4392 5215; x_wconf 88' lang='lat' dir='ltr'><strong>cooperculum</strong></span> 
     </span>
     <span class='ocr_line' id='line_1_61' title="bbox 2630 5272 4396 5370; baseline 0 -16"><span class='ocrx_word' id='word_1_286' title='bbox 2630 5273 2819 5355; x_wconf 89' lang='lat' dir='ltr'><strong>loco</strong></span> <span class='ocrx_word' id='word_1_287' title='bbox 2903 5300 3061 5355; x_wconf 90' lang='lat' dir='ltr'><strong>suo</strong></span> <span class='ocrx_word' id='word_1_288' title='bbox 3138 5285 3463 5354; x_wconf 92' lang='lat' dir='ltr'><strong>motum</strong></span> <span class='ocrx_word' id='word_1_289' title='bbox 3538 5285 3684 5370; x_wconf 89' lang='lat' dir='ltr'><strong>est,</strong></span> <span class='ocrx_word' id='word_1_290' title='bbox 3772 5272 4151 5354; x_wconf 86' lang='lat' dir='ltr'><strong>Christus</strong></span> <span class='ocrx_word' id='word_1_291' title='bbox 4234 5284 4396 5354; x_wconf 92' lang='lat' dir='ltr'><strong>stat</strong></span> 
     </span>
     <span class='ocr_line' id='line_1_62' title="bbox 2628 5417 4393 5536; baseline 0.001 -17"><span class='ocrx_word' id='word_1_292' title='bbox 2628 5438 3175 5536; x_wconf 87' lang='lat' dir='ltr'><strong>benedicens;</strong></span> <span class='ocrx_word' id='word_1_293' title='bbox 3279 5417 3646 5519; x_wconf 88' lang='lat' dir='ltr'><strong>Lazarus</strong></span> <span class='ocrx_word' id='word_1_294' title='bbox 3739 5450 4020 5519; x_wconf 88' lang='lat' dir='ltr'><strong>autem</strong></span> <span class='ocrx_word' id='word_1_295' title='bbox 4112 5438 4192 5518; x_wconf 94' lang='lat' dir='ltr'><strong>in</strong></span> <span class='ocrx_word' id='word_1_296' title='bbox 4289 5465 4393 5520; x_wconf 92' lang='lat' dir='ltr'><strong>eo</strong></span> 
     </span>
     <span class='ocr_line' id='line_1_63' title="bbox 2629 5602 4394 5713; baseline 0.001 -29"><span class='ocrx_word' id='word_1_297' title='bbox 2629 5604 2859 5700; x_wconf 92' lang='lat' dir='ltr'><strong>iacet,</strong></span> <span class='ocrx_word' id='word_1_298' title='bbox 2927 5603 3440 5713; x_wconf 88' lang='lat' dir='ltr'><strong>ineptissime</strong></span> <span class='ocrx_word' id='word_1_299' title='bbox 3507 5603 3744 5713; x_wconf 90' lang='lat' dir='ltr'><strong>quasi</strong></span> <span class='ocrx_word' id='word_1_300' title='bbox 3803 5602 4181 5712; x_wconf 89' lang='lat' dir='ltr'><strong>pendens</strong></span> <span class='ocrx_word' id='word_1_301' title='bbox 4247 5602 4394 5685; x_wconf 93' lang='lat' dir='ltr'><strong>de-</strong></span> 
     </span>
     <span class='ocr_line' id='line_1_64' title="bbox 2628 5768 4393 5886; baseline -0.001 -35"><span class='ocrx_word' id='word_1_302' title='bbox 2628 5770 3016 5866; x_wconf 92' lang='lat' dir='ltr'><strong>lineatus,</strong></span> <span class='ocrx_word' id='word_1_303' title='bbox 3109 5780 3361 5878; x_wconf 88' lang='lat' dir='ltr'><strong>atque</strong></span> <span class='ocrx_word' id='word_1_304' title='bbox 3446 5768 3534 5886; x_wconf 71' lang='lat' dir='ltr'><strong>in.</strong></span> <span class='ocrx_word' id='word_1_305' title='bbox 3609 5780 3980 5850; x_wconf 88' lang='lat' dir='ltr'><strong>extrema</strong></span> <span class='ocrx_word' id='word_1_306' title='bbox 4069 5768 4393 5876; x_wconf 88' lang='lat' dir='ltr'><strong>pictura</strong></span> 
     </span>
     <span class='ocr_line' id='line_1_65' title="bbox 2627 5935 4391 6048; baseline -0.002 -31"><span class='ocrx_word' id='word_1_307' title='bbox 2627 5935 2929 6017; x_wconf 90' lang='lat' dir='ltr'><strong>ambae</strong></span> <span class='ocrx_word' id='word_1_308' title='bbox 3002 5961 3340 6016; x_wconf 87' lang='lat' dir='ltr'><strong>sorores</strong></span> <span class='ocrx_word' id='word_1_309' title='bbox 3415 5959 3757 6015; x_wconf 89' lang='lat' dir='ltr'><strong>securae</strong></span> <span class='ocrx_word' id='word_1_310' title='bbox 3840 5944 3922 6014; x_wconf 92' lang='lat' dir='ltr'><strong>et</strong></span> <span class='ocrx_word' id='word_1_311' title='bbox 3964 5959 4212 6048; x_wconf 28' lang='lat' dir='ltr'><strong>&#39;unus</strong></span> <span class='ocrx_word' id='word_1_312' title='bbox 4288 5960 4391 6013; x_wconf 91' lang='lat' dir='ltr'><strong>ex</strong></span> 
     </span>
    </p>
   </div>
   <div class='ocr_carea' id='block_1_8' title="bbox 2627 6100 3975 6298">
    <p class='ocr_par' dir='ltr' id='par_1_12' title="bbox 2627 6100 3975 6298">
     <span class='ocr_line' id='line_1_66' title="bbox 2627 6100 3059 6211; baseline 0 -29"><span class='ocrx_word' id='word_1_313' title='bbox 2627 6100 3059 6211; x_wconf 72' lang='lat' dir='ltr'><strong>apostolis</strong></span> 
     </span>
     <span class='ocr_line' id='line_1_67' title="bbox 3913 6251 3975 6298; baseline -0.032 0"><span class='ocrx_word' id='word_1_314' title='bbox 3913 6251 3975 6298; x_wconf 88' lang='lat'><strong>15</strong></span> 
     </span>
    </p>
   </div>
  </div>
 </body>
</html>
