5559 7392
2295 743 2807 816 „75-

686 986 1054 1082 fecimuS,
1129 1012 1399 1067 annus
1473 1009 1695 1091 1404
1767 985 2234 1095 adscriptus
2297 1000 2442 1069 θεῖ.

686 1153 844 1234 His
891 1151 1112 1233 enim
1158 1151 1443 1261 paucis
1488 1150 1865 1260 vestigiis
1910 1150 2275 1260 exceptis
2331 1152 2448 1232 ni-

684 1319 795 1401 hil
879 1319 1047 1401 fere
1123 1331 1267 1414 est,
1347 1317 1578 1427 quod
1655 1317 1832 1399 eius
1905 1317 2180 1399 ardori
2258 1318 2442 1400 fidei

684 1484 966 1568 lumen
1031 1483 1365 1567 adferat.
1496 1485 1796 1593 Neque
1861 1483 2023 1565 hoc
2088 1485 2442 1578 missale,

685 1651 912 1762 quod
997 1663 1215 1734 certe
1293 1650 1718 1732 Hervoiae
1793 1677 2044 1731 causa
2117 1651 2446 1733 confec-

682 1832 860 1901 tum
936 1831 1037 1914 et,
1124 1828 1215 1899 ut
1284 1816 1457 1898 veri
1533 1828 1659 1898 est
1740 1815 2029 1913 simile,
2113 1816 2221 1898 ab
2297 1816 2447 1898 Al-

686 1983 1073 2066 missanis
1136 1982 1732 2081 FranciscaniS,
1807 1982 1946 2091 qui
2011 1982 2171 2064 sub
2228 1983 2446 2063 Her-

685 2150 883 2230 voia
926 2164 1285 2258 patrono
1332 2148 1680 2246 fuerunt,
1740 2148 1811 2228 ei
1867 2147 2245 2229 oblatum
2296 2160 2443 2245 θεῖ,

684 2328 1275 2425 argumentum
1340 2313 1447 2395 ad
1510 2313 1939 2394 Hervoiae
2004 2312 2256 2394 fidem
2310 2341 2446 2395 ca-

684 2480 1077 2563 tholicam
1143 2479 1866 2590 comprobandam
1932 2478 2226 2560 adferri
2292 2507 2446 2589 po-

683 2660 865 2730 test.
944 2648 1021 2727 Is
1067 2646 1404 2756 quidem
1450 2645 1673 2727 haud
1719 2644 1968 2727 dubie
2020 2658 2191 2726 tam
2238 2661 2446 2755 opu-

685 2813 957 2895 lentus
1031 2811 1199 2908 fuit,
1285 2810 1426 2920 qui
1500 2810 1710 2892 duas
1785 2809 2234 2920 religiones
2310 2810 2443 2891 vel

685 2978 964 3088 potius
1012 2976 1324 3058 nullam
1371 2975 1915 3085 profiteretur,
1961 2989 2211 3085 atque
2256 3002 2446 3057 cum

683 3144 810 3225 vir
865 3154 1090 3225 esset
1138 3169 1413 3224 rerum
1467 3141 1829 3223 civilium
1887 3142 2222 3251 peritus,
2291 3141 2446 3223 illis

685 3308 1136 3391 momentis
1231 3335 1435 3390 usus
1533 3320 1688 3402 est,
1796 3308 2099 3417 quibus
2204 3335 2448 3418 reges

684 3473 1402 3557 constituebantur
1453 3486 1534 3555 θῖ
1589 3474 2265 3570 removebantur,
2324 3485 2449 3554 at-

687 3668 850 3752 que
926 3639 1186 3722 modo
1253 3640 1416 3737 uni,
1495 3639 1754 3720 modo
1823 3640 2054 3720 alteri
2121 3639 2448 3720 confes-

685 3806 900 3888 sioni
965 3803 1379 3887 studebat.
1481 3805 1698 3885 Cum
1752 3830 1956 3886 vero
2005 3805 2175 3886 dux
2228 3818 2452 3887 esset

687 3971 1031 4082 Spalati,
1119 3998 1335 4081 quae
1409 3969 1701 4053 civitas
1782 3983 1962 4052 tota
2042 3969 2230 4052 fidei
2314 3997 2450 4051 ca-

685 4139 1043 4222 tholicae
1141 4136 1521 4219 studiosa
1614 4149 1819 4235 erat,
1917 4163 2448 4246 nequaquam

685 4304 1134 4387 acerrimus
1219 4303 1821 4413 „Bogomilus“
1897 4330 2083 4385 esse
2156 4303 2447 4412 potuit.

685 4470 937 4552 Adde
1050 4469 1280 4580 quod
1386 4468 1788 4551 catholica
1894 4468 2242 4551 ecclesia
2343 4468 2449 4549 ad

686 4636 1161 4718 Dalmatiae
1227 4663 1421 4716 oras
1477 4635 1633 4717 sita
1690 4634 2037 4716 omnino
2094 4633 2451 4715 validior

686 4802 853 4902 suit,
938 4829 1191 4913 quam
1275 4812 1367 4882 ut
1447 4801 1743 4883 rationi
1827 4800 2113 4899 „cuius
2187 4799 2446 4910 regiO,

686 4969 863 5052 eius
910 4968 1257 5079 religio“
1323 4967 1673 5050 cederet.
1753 4968 1863 5049 Et
1916 4980 2207 5048 contra
2270 4967 2448 5049 eius

684 5162 1199 5246 propensum
1265 5135 1345 5216 in
1410 5133 1902 5217 catholicam
1966 5133 2218 5216 fidem
2276 5146 2449 5216 stu-

685 5303 936 5398 dium,
1022 5302 1251 5411 quod
1333 5301 1513 5384 sine
1587 5300 1842 5383 dubio
1917 5328 2142 5381 anno
2224 5302 2446 5405 1403

685 5468 1222 5552 statuendum
1306 5479 1452 5564 est,
1547 5480 1743 5577 post
1833 5466 2228 5548 ducatum
2311 5467 2449 5575 qui

685 5634 1205 5733 consisteret,
1344 5634 1976 5716 confirmaretur
2109 5658 2452 5714 necesse

686 5814 881 5884 erat.

842 5967 1266 6048 Hervoiae
1313 5966 1521 6047 ratio
1568 5966 1898 6076 publica
1949 5993 2172 6046 anno
2233 5966 2449 6068 1403

688 6132 933 6241 plane
999 6144 1174 6214 erat
1236 6133 1604 6241 prudens
1676 6145 1757 6213 et
1819 6131 2155 6241 politica
2228 6143 2309 6212 et
2380 6130 2447 6211 si

2655 1000 2920 1068 totam
3012 987 3190 1069 eius
3280 987 3692 1068 actionem
3785 986 4420 1096 comprehendi-

2659 1180 2870 1247 mus
2937 1152 3283 1233 dubium
3340 1179 3526 1234 esse
3583 1152 3887 1262 nequit,
3947 1153 4144 1262 quin
4200 1152 4418 1235 idem

2658 1345 2927 1427 usque
3031 1317 3138 1399 ad
3239 1330 3593 1399 mortem
3691 1345 3930 1400 suam
4028 1318 4421 1399 dominus

2659 1497 2882 1566 esset
2962 1484 3433 1593 arbiterque
3515 1484 3964 1583 civitatum,
4050 1512 4265 1594 quae
4341 1485 4420 1565 in

2658 1649 3006 1759 regione
3066 1650 3369 1731 Haemi
3435 1649 3541 1730 ad
3601 1649 4119 1731 occidentem
4181 1677 4425 1732 versa

2658 1815 3395 1897 constituebantur.
3476 1816 3777 1924 Neque
3830 1815 4107 1897 solum
4165 1817 4423 1897 Osto-

2644 1980 2784 2089 jae
2850 1982 3070 2092 regis
3136 1981 3520 2078 Bosniae,
3588 2009 3839 2091 quem
3907 2009 4131 2063 anno
4200 2005 4424 2086 1404

2658 2174 2923 2257 regno
2978 2147 3389 2258 spoliavit,
3460 2146 3608 2229 sed
3663 2147 4064 2257 Stephani
4120 2149 4425 2228 Tvart-

2658 2313 2905 2395 konis
2982 2334 3070 2397 ΙΙ.
3161 2312 3829 2423 (1404—1408)
3922 2314 4170 2396 etiam
4264 2314 4425 2395 fata

2658 2506 2992 2590 semper
3044 2479 3683 2590 quodammodo
3738 2479 3845 2560 ab
3890 2481 4206 2562 artibus
4259 2481 4424 2562 fac—

2657 2646 2930 2756 tisque
3045 2646 3470 2727 Hervoiae
3579 2645 3813 2727 ducis
3928 2646 4422 2756 dependent.

2659 2811 2979 2922 Spalati
3028 2785 3134 2892 'in
3202 2811 3518 2921 oppido
3585 2812 3763 2893 eius
3827 2812 4053 2894 vices
4126 2839 4426 2923 geren-

2658 2990 2786 3059 tes
2869 2977 3048 3059 sive
3132 2977 3574 3059 subvicarii
3659 2977 4154 3074 residebant,
4248 2977 4426 3086 ipse

2659 3143 2947 3253 copias
3051 3155 3132 3225 et
3235 3143 3766 3253 magnificam
3869 3144 4146 3225 aulam
4252 3143 4427 3225 suis

2659 3309 3059 3391 fructibus
3152 3308 3450 3408 alebat,
3549 3310 3885 3392 nuntios
3977 3309 4427 3392 constitue-

2660 3476 2823 3572 bat,
2909 3502 3141 3557 arma
3224 3502 3659 3586 equosque
3740 3474 4097 3572 amabat,
4185 3503 4428 3556 num-

2663 3668 2853 3722 mos
2909 3641 3288 3739 cudebat,
3346 3667 3843 3751 magnarum
3889 3640 4425 3751 pecuniarum

2663 3806 3138 3889 facultatem
3241 3805 3605 3888 habebat
3703 3806 3823 3917 (cf.
3919 3807 4245 3889 chartas
4346 3807 4427 3888 in

2662 3971 3036 4054 Archivo
3104 3972 3306 4082 Cap.
3368 3972 3683 4082 Spalat.
3746 4022 3853 4031 —
3932 3974 4297 4071 „Rector
4349 3985 4431 4056 et

2663 4137 2979 4220 iudices
3023 4164 3474 4219 commune
3520 4136 3873 4219 civitatis
3919 4138 4287 4246 Spaleti“
4330 4187 4428 4196 —

2663 4303 2795 4386 die
2859 4324 3099 4388 XVII.
3169 4303 3365 4412 Maij
3433 4303 3628 4385 anni
3710 4305 3956 4408 1403,
4026 4303 4429 4414 originale

2662 4470 2743 4551 in
2835 4469 3213 4551 Archivo
3321 4469 3798 4579 Principum
3898 4468 4426 4579 Eszterhazy,

2661 4636 2998 4746 Repert.
3048 4659 3187 4740 42,
3247 4636 3439 4717 fasc.
3488 4637 3579 4716 B.
3643 4660 3768 4740 14.
3818 4685 3922 4693 —
3976 4634 4432 4745 loquuntur

2662 4801 2743 4882 in
2830 4801 3158 4884 civitate
3246 4813 3531 4884 vetere
3617 4829 3803 4884 esse
3884 4801 4213 4888 turrim,
4257 4801 4430 4881 Co-

2663 4968 2883 5050 mitis
2959 4967 3312 5078 Nelipcij
3392 4980 3476 5050 et
3549 4967 3652 5050 de
3726 4967 3924 5049 turri
4000 4979 4145 5049 aut
4215 4979 4431 5048 terra

2663 5137 2972 5244 (tr..m
3026 5147 3352 5232 terram,
3409 5133 3696 5215 turrim
3723 5133 3783 5243 ?)
3842 5132 4158 5214 domini
4214 5133 4432 5213 Her-

2661 5301 2929 5382 voiae.
2992 5300 3371 5382 Traditio
3417 5299 3638 5382 enim
3684 5299 3932 5381 etiam
3980 5269 4201 5381 nunc
4246 5327 4432 5380 nar-

2661 5476 2788 5547 rat
2851 5465 2956 5548 de
3020 5466 3383 5576 quadam
3448 5465 3647 5547 turri
3705 5461 4186 5573 Hervoiae.)
4252 5465 4430 5545 Ve-

2663 5632 2934 5713 netiae
3015 5631 3482 5741 argentaria
3556 5658 3725 5711 non
3801 5658 4044 5713 secus
4124 5656 4223 5712 ac
4295 5657 4429 5712 ce-

2661 5798 2811 5879 teri
2889 5797 3265 5879 eiusdem
3342 5796 3656 5879 ordinis
3729 5796 4115 5878 homines
4199 5823 4424 5878 usus.

2663 5964 2995 6046 Deinde
3060 5964 3185 6046 his
3249 5964 3769 6075 temporibus
3845 5963 4218 6045 intimam
4285 5990 4429 6044 so-

2660 6129 3041 6212 cietatem
3100 6158 3289 6212 cum
3356 6130 3668 6212 Sandal
3729 6129 4063 6227 Hranic,
4132 6140 4429 6238 poten—

3912 6283 4005 6331 10*
