5559 7392
2740 701 3255 766 -82-

1128 962 1280 1073 (Cf.
1349 962 1574 1071 Dipl.
1644 963 1884 1072 Rag.,
1953 989 2143 1071 pag.
2196 960 2421 1068 221.)
2519 963 2693 1043 Iam
2760 961 2895 1043 die

1144 1130 1267 1209 13.
1336 1128 1513 1209 Iulii
1612 1128 1863 1238 legati
1958 1129 2073 1208 rei
2161 1128 2544 1238 publicae
2642 1155 2898 1238 supra

1129 1306 1845 1375 commemoratae
1914 1294 1994 1374 in
2062 1294 2375 1375 insulas
2436 1295 2895 1402 Corcyram

1131 1459 1453 1570 nigram
1543 1448 2107 1569 (Curzolam),
2173 1459 2536 1541 Pharum
2634 1461 2897 1566 (Lesi-

1130 1623 1356 1735 nam)
1432 1625 2087 1735 Bracchiamque
2169 1624 2623 1735 (Brazzam)
2713 1626 2897 1706 mit-

1128 1802 1441 1888 tuntur,
1530 1790 1668 1871 ubi
1746 1790 1976 1872 iussu
2052 1791 2274 1900 regis
2349 1792 2675 1901 regium
2751 1818 2897 1871 ve-

1131 1956 1422 2037 xillum
1489 1968 1957 2038 statuerunt
2023 1955 2187 2067 (op.
2245 1957 2368 2038 cit.
2436 1983 2626 2067 pag.
2689 1954 2889 2064 222)

1131 2134 1213 2202 et
1295 2134 1655 2232 quatuor
1746 2122 2046 2203 diebus
2138 2136 2335 2232 post
2418 2123 2691 2204 eidem
2776 2124 2894 2204 rei

1131 2286 1510 2396 publicae
1631 2287 2235 2370 administratio
2365 2289 2548 2398 ipsa
2669 2315 2895 2370 com-

1134 2453 1391 2534 missa
1457 2465 1605 2535 est.

1285 2619 1512 2727 Quid
1579 2631 1756 2701 tum
1816 2620 2198 2702 Hervoia
2263 2622 2625 2703 faceret?
2687 2624 2896 2704 Pos-
2985 2659 2996 2668 ·

1131 2785 1517 2867 sessione
1589 2814 1746 2868 sua
1819 2786 2293 2898 opibusque
2359 2789 2686 2898 privato
2753 2818 2898 2871 au-

1132 2949 1421 3032 xilium
1498 2950 1692 3033 inde
1775 2953 2236 3061 petendum
2315 2967 2511 3053 erat,
2597 2955 2736 3037 ubi
2815 2956 2895 3037 id

1134 3116 1498 3224 reperire
1590 3118 1882 3226 potuit.
1997 3119 2256 3201 Nulla
2349 3147 2622 3231 neque
2713 3122 2897 3203 reli-

1133 3280 1410 3390 gionis
1495 3308 1769 3392 neque
1844 3283 1959 3363 rei
2043 3284 2425 3392 publicae
2501 3287 2897 3396 opinione

1134 3446 1697 3555 praeiudicata
1753 3446 2051 3529 ductus
2112 3448 2331 3532 idern
2396 3451 2604 3545 fecit,
2666 3453 2897 3561 quod

1136 3612 1630 3694 Franciscus
1724 3634 1776 3696 Ι.
1876 3613 2315 3697 Gallorum
2424 3643 2599 3715 rex,
2708 3645 2898 3700 cum

1135 3793 1470 3861 centum
1544 3779 1714 3861 fere
1788 3780 2030 3861 annis
2105 3793 2302 3890 post
2383 3795 2673 3864 contra
2740 3785 2901 3866 Ca-

1135 3944 1408 4026 rolum
1479 3964 1564 4028 V.
1650 3945 2238 4054 imperatorem
2324 3973 2513 4028 cum
2596 3948 2901 4057 Suley-

2472 4110 2697 4193 Nihil
2797 4097 2901 4194 ex

1137 4275 1487 4357 Serbiae
1552 4275 1736 4357 fatis
1803 4275 2108 4357 dedicit
2173 4287 2255 4357 et
2309 4288 2399 4357 ut
2458 4304 2604 4359 rex
2660 4305 2901 4360 mon-

1139 4136 1393 4216 mano
1495 4110 1984 4191 societatem
2083 4110 2342 4193 iniret.

1136 4441 1365 4536 tium,
1423 4453 1512 4522 ut
1566 4440 1677 4522 ita
1721 4440 2015 4536 dicam,
2072 4442 2682 4552 praesagientis
2726 4444 2901 4524 ani·

1138 4606 1250 4688 mi
1326 4606 1837 4734 divinatione
1912 4606 2191 4703 caruit,
2268 4607 2406 4717 qui
2476 4608 2901 4718 praecipe-

1136 4785 1260 4854 ret
1312 4773 1641 4853 Turcos
1707 4772 1787 4853 in
1854 4772 2207 4882 patriam
2272 4786 2579 4855 terram
2643 4802 2900 4856 voca-

1136 4951 1273 5020 tos
1369 4965 1800 5048 nunquam
1896 4938 2121 5020 foras
2208 4940 2532 5020 extrudi
2615 4967 2904 5050 posse.

1138 5108 1219 5186 A
1274 5106 1629 5187 Venetis
1706 5105 1963 5202 enim,
2045 5132 2261 5215 quos
2329 5107 2437 5187 ad
2502 5107 2898 5188 auxilium

1137 5272 1518 5369 vocabat,
1627 5271 2015 5381 repulsus
2111 5282 2259 5369 est,
2359 5299 2531 5353 non
2628 5272 2900 5383 Sigis-

1140 5437 1427 5519 mundi
1496 5437 1834 5547 quidem
1904 5465 2177 5536 causa,
2250 5437 2401 5519 sed
2470 5438 2700 5548 quod
2767 5464 2902 5520 res

1139 5603 1469 5713 publica
1551 5604 1731 5713 ipsa
1805 5604 2397 5713 possessiones
2474 5604 2903 5686 Hervoiae

1142 5770 1375 5851 ducis
1491 5770 1946 5851 maritimas
2060 5770 2498 5852 affectavit.
2634 5771 2904 5882 Sigis-

1145 5937 1511 6019 mundus
1614 5937 1722 6018 ab
1824 5937 2266 6047 Hungaria
2364 5937 2654 6047 procul
2755 5937 2905 6019 ab-

1120 6116 1339 6214 ·erat,
1409 6103 1782 6184 Barbara
1840 6103 2132 6213 regina
2192 6103 2411 6186 male
2470 6103 2901 6214 regnabat,

3111 960 3515 1042 exercitus
3583 939 4044 1069 Hungarici
4118 960 4252 1040 vix
4318 972 4553 1041 erant
4618 986 4872 1069 expe-

3111 1102 3276 1209 diti.
3377 1128 3679 1237 Neque
3764 1126 4085 1207 mirum’
4152 1138 4301 1222 est,
4388 1126 4617 1236 quod
4703 1125 4874 1207 dux

3109 1293 3622 1402 proscriptus
3697 1293 3823 1374 his
3898 1292 4171 1374 causis
4246 1304 4725 1374 commotus
4792 1305 4874 1373 et

3110 1461 3368 1542 fretus
3452 1460 3572 1542 eis
3653 1459 4021 1541 Bosniae
4106 1459 4643 1541 occidentalis
4736 1486 4872 1539 ca-

3110 1626 3394 1722 stellis»,
3513 1653 3730 1736 quae
3848 1625 3928 1705 in
4035 1625 4213 1706 eius
4320 1624 4871 1734 possessione

3110 1802 3764 1902 permanserant,
3863 1817 4051 1872 cum
4145 1790 4472 1887 Turcis,
4569 1789 4873 1898 quibus

3112 1958 3304 2040 inde
3389 1985 3438 2038 a
3522 1956 4035 2038 Muhametis
4119 1976 4171 2039 Ι.
4258 1954 4873 2036 incursionibus

3110 2140 3338 2205 cum·
3382 2122 3789 2231 Primorje
3876 2122 4380 2232 (Dalmatiae
4466 2121 4876 2204 maritima

3109 2302 3341 2399 parte
3398 2287 3950 2398 meridionali)
4019 2300 4101 2369 et
4154 2287 4472 2369 Bosnia
4535 2287 4872 2369 australi

3109 2455 3706 2536 commercium
3765 2465 3962 2551 erat,
4023 2480 4115 2535 se
4174 2452 4618 2534 coniunxit.
4698 2453 4873 2533 Iam

3109 2634 3426 2704 aestate
3490 2621 3684 2703 anni
3755 2644 3979 2724 1414
4044 2621 4515 2701 Turcorum
4582 2618 4873 2727 copiae

3109 2788 3515 2869 Bosniam
3598 2785 4213 2868 incursionibus
4296 2794 4708 2865 vexarunt
4793 2795 4875 2864 et

3109 2953 3468 3064 praedas
3543 2965 3995 3062 congestas
4061 2951 4143 3032 in
4214 2950 4608 3059 regiones
4673 2975 4873 3029 suas

3110 3122 3554 3218 miserunt,
3641 3146 3830 3200 curn
3914 3118 4368 3227 imperator
4449 3142 4596 3197 rex
4676 3141 4874 3223 pro-

3110 3286 3240 3369 cul
3307 3296 3992 3367 commoraretur.
4764 3399 4776 3405 Ω

3263 3451 3645 3536 Hervoia
3705 3450 4111 3536 Almissa.
4156 3449 4236 3529 in
4313 3446 4873 3529 munitissimo

3111 3617 3456 3699 castello
3550 3615 4085 3727 (Memoriam
4182 3663 4288 3672 —
4374 3624 4874 3723 quaerentes

3112 3785 3193 3865 in
3284 3782 3660 3865 Almissa
3750 3829 3865 3840 —
3962 3780 4277 3862 nullam
4373 3780 4871 3875 invenimuS,

3110 3951 3393 4032 ruinas
3468 3948 3781 4030 castelli
3855 3947 4168 4058 antiqui
4243 3946 4661 4056 quaedam
4727 3971 4875 4026 ve-

3111 4116 3358 4227 stigia
3423 4114 4020 4196 dominationis
4086 4114 4471 4195 Venetae
4544 4109 4870 4218 ornant)

3112 4282 3426 4364 bellurn
3502 4293 3740 4390 parat
3808 4280 3917 4361 ad
3983 4276 4601 4387 recuperandas
4674 4303 4874 4386 pos-

3113 4448 3543 4530 sessiones
3649 4472 3871 4528 suaS.
4002 4445 4221 4526 Cum
4316 4470 4525 4525 vero
4622 4442 4873 4525 Turci

3112 4628 3311 4697 tunc
3384 4611 3724 4723 quidem
3802 4637 3972 4691 non
4044 4621 4217 4690 tam
4282 4609 4687 4690 Bosniam
4752 4608 4876 4717 ip-

3112 4807 3296 4862 sam
3373 4772 3776 4888 peterent,
3854 4803 4110 4886 quam
4177 4775 4571 4886 regiones
4637 4775 4871 4856 Savo

3113 4945 3614 5041 adiacenteS,
3684 4943 3931 5024 etiam
3991 4941 4314 5023 finitimi
4383 4940 4874 5051 Hungariae

3114 5110 3306 5193 bani
3400 5109 3963 5217 ductoresque
4059 5107 4346 5217 copias
4441 5134 4879 5216 compara-

3115 5289 3324 5358 runt.
3424 5277 3705 5385 Atque
3762 5300 4274 5384 quamquam
4329 5272 4703 5354 Barbara
4754 5299 4878 5354 re-

3113 5442 3315 5553 gina
3377 5440 3786 5550 populum
3842 5439 3948 5521 ad
4005 5437 4631 5521 defendendum
4685 5464 4877 5548 reg—

3117 5634 3318 5689 num
3390 5605 3914 5701 convocavit,
3989 5618 4273 5687 tamen
4345 5604 4652 5686 factum
4725 5618 4873 5702 est,

3116 5784 3207 5854 ut
3269 5772 3646 5853 confines
3701 5783 4024 5852 tantum
4080 5771 4431 5852 militum
4495 5781 4878 5852 catervae

3116 5937 3856 6035 conscriberentur,
3926 5936 4008 6017 id
4075 5936 4304 6046 quod
4363 5963 4464 6016 ex
4520 5935 4877 6017 nomini—

3117 6103 3275 6184 bus
3359 6103 3667 6185 ducum
3752 6102 4154 6212 cognosci
4238 6114 4538 6211 potest.
4667 6100 4876 6181 Bani
