5559 7392
2288 718 2800 784 —81-

675 974 976 1056 caduta
1042 975 1174 1056 del
1243 976 1456 1057 duca
1521 976 1916 1086 Hervoje‚
1995 974 2115 1058 ch'
2156 1005 2439 1060 essen-

674 1141 785 1221 do
834 1141 964 1223 nel
1014 1142 1283 1251 primo
1328 1143 1598 1252 grado
1645 1140 1992 1225 d'onore
2030 1171 2436 1254 appresso

671 1333 824 1390 sua
889 1311 1208 1389 maesta
1272 1304 1764 1418 d’Ongarie,
1843 1310 2039 1392 vole
2118 1310 2247 1392 col
2315 1312 2436 1393 di-

672 1473 1098 1553 mostrarsi
1161 1474 1589 1582 superiore
1656 1503 1705 1555 a
1774 1475 2254 1586 qualunque
2315 1476 2433 1557 al-

670 1651 821 1735 tro,
900 1665 1129 1720 esser
1202 1639 1682 1749 eguagliato
1760 1669 1809 1721 a
1882 1642 2022 1751 piu
2098 1642 2320 1724 bassi
2388 1670 2433 1724 e

670 1804 1122 1886 dichiarato
1199 1804 1507 1902 ribelle,
1595 1833 1824 1888 esser
1895 1835 2056 1889 con
2132 1808 2435 1890 infame

670 1970 963 2081 esiglio
1019 1971 1444 2053 bandito.“
1537 1973 1595 2053 Ii
1662 1984 1964 2070 autem,
2033 1974 2172 2084 qui
2239 2002 2432 2056 eum

670 2163 774 2217 ex
856 2136 1259 2218 altissimo
1345 2137 1768 2248 dignitatis
1848 2140 2117 2249 gradu
2194 2168 2433 2249 prae-

668 2302 1125 2411 cipitarunt,
1188 2303 1547 2412 primum
1603 2304 1842 2386 aulici
1898 2305 2076 2386 eius
2129 2305 2430 2388 adver-

669 2467 860 2548 sarii
927 2467 1274 2564 fuerunt,
1354 2468 1657 2551 deinde
1722 2469 2037 2552 Sandal
2105 2470 2432 2553 obtrec-

666 2646 903 2731 tator,
990 2634 1223 2715 cuius
1295 2636 1649 2745 gratiam
1727 2637 2217 2745 popularem
2290 2664 2431 2718 ae-

665 2799 1023 2910 gerrime
1088 2799 1401 2881 ferebat
1474 2813 1556 2882 et
1620 2828 1869 2910 quem
1937 2801 2430 2884 Sandalium

676 2993 892 3063 „una
964 2993 1155 3047 cum
1228 2966 1408 3048 aliis
1475 2967 1849 3049 eiusdem
1916 2968 2149 3078 regni
2215 2970 2431 3050 Bos-

665 3131 849 3211 niae
904 3143 985 3212 et
1029 3130 1383 3213 aliorum
1438 3159 1893 3243 regnorum
1950 3147 2428 3216 nostrorum

665 3296 1048 3378 fidelibus
1125 3297 1206 3377 in
1282 3325 1546 3409 regno
1611 3299 1966 3381 Rasciae
2034 3298 2259 3409 apud
2324 3300 2429 3381 Il-

665 3463 1006 3546 lustrem
1090 3465 1558 3573 Principem
1647 3467 2119 3575 Despotam
2205 3465 2427 3574 (Ste—

664 3629 1036 3738 phanum
1134 3630 1605 3740 Lazarevic)
1714 3631 1979 3714 dictae
2073 3632 2427 3714 Rasciae

664 3794 997 3877 fidelem
1074 3809 1452 3878 nostrum
1530 3810 1820 3879 contra
1884 3798 2427 3880 saevissimos

661 3963 984 4043 Turcas
1039 3975 1119 4045 et
1170 3962 1517 4044 aliarum
1572 3962 2186 4046 barbaricarum
2240 3991 2425 4046 sae-

661 4155 955 4209 varum
1015 4130 1445 4210 nationum
1499 4142 1799 4237 gentes
1856 4131 2147 4213 Crucis
2194 4131 2428 4213 Chri-

661 4293 761 4375 sti
864 4308 1441 4403 persecutores
1541 4308 1622 4377 et
1716 4296 2419 4406 blasphemanteS,

661 4459 800 4569 qui
882 4472 1160 4568 partes
1244 4460 1509 4542 dictae
1583 4462 1938 4544 Rasciae
2019 4463 2426 4547 hostiliter

661 4625 1184 4724 intraverant,
1246 4626 1326 4706 in
1374 4627 1679 4709 nostris
1731 4628 2084 4711 servitiis
2137 4629 2425 4712 fuisset

657 4792 1178 4890 constitutus,
1227 4791 1478 4874 iidem
1526 4793 1631 4874 H.
1681 4794 2219 4904 congregatis
2264 4794 2420 4876 sibi

658 4957 899 5038 certis
964 4957 1508 5066 complicibus
1575 4971 1656 5041 et
1717 4986 2145 5040 armorum
2210 4986 2419 5069 gen-

656 5123 877 5204 tibus
961 5123 1150 5204 dicti
1231 5123 1606 5204 Zandalii
1700 5152 2062 5234 namque
2154 5137 2421 5207 castra

657 5302 738 5370 et
828 5289 1364 5399 quamplures
1454 5291 2038 5398 possessiones
2130 5305 2420 5373 contra

658 5456 1019 5537 edictum
1138 5467 1220 5536 et
1330 5456 1977 5565 prohibitionem
2085 5470 2419 5540 nostrae

656 5622 1116 5704 Maiestatis
1209 5620 1616 5703 hostiliter
1707 5621 2187 5704 invadendo
2272 5650 2416 5704 ex—

657 5788 1083 5899 pugnavit,
1164 5801 1626 5870 castrorum
1702 5789 2196 5870 eorumdem
2262 5790 2416 5870 ho-

659 5952 943 6050 mine5‚
1014 5953 1301 6034 divino
1369 5966 1450 6035 et
1513 5952 1883 6034 humano
1941 5955 2414 6064 postposito

655 6116 973 6215 timore,
1030 6119 1408 6200 necando
1464 6119 1902 6201 crudeliter
1953 6133 2033 6202 et
2079 6120 2418 6229 insuper

2652 979 2966 1059 malum
3067 979 3290 1060 malo
3396 980 3919 1062 accumulare
4015 981 4408 1074 volendo,

2649 1171 2800 1252 per
2889 1158 3164 1226 certos
3256 1145 3532 1227 literas
3615 1146 4032 1228 scribebat
4115 1147 4410 1229 Turcis

2650 1322 2731 1390 et
2785 1309 2895 1390 ita
2944 1336 3035 1390 se
3091 1310 3172 1390 in
3229 1311 3650 1392 notorium
3714 1310 4108 1392 rebellem
4173 1314 4408 1423 regni

2648 1473 3072 1556 faciebat.“
3179 1475 3300 1583 (In
3392 1475 3585 1585 dipl.
3674 1476 3800 1557 cit.
3887 1477 4408 1587 Sigismundi

2646 1639 2750 1722 de
2807 1640 3003 1722 dato
3068 1640 3342 1750 1413.)
3444 1641 3685 1748 Quae
3749 1642 3877 1722 vis
3946 1643 4407 1724 Hervoiam

2647 1806 3324 1914 praecipitantem
3390 1807 3626 1916 quasi
3695 1807 4035 1917 impulit.

2799 1971 3402 2081 Sigismundus
3478 1999 3623 2054 rex
3696 1972 3823 2054 his
3887 1973 4409 2083 temporibus
4557 2085 4567 2097 .

2646 2135 3072 2246 religionis
3167 2137 3428 2219 turbis
3514 2139 4056 2220 Constantiae
4152 2139 4406 2220 vehe-

2647 2315 2968 2384 menter
3030 2316 3202 2385 erat
3265 2317 3758 2413 occupatus;
3825 2331 3994 2413 quo
4059 2304 4406 2386 absente

2646 2468 3015 2549 Barbara
3090 2469 3378 2580 regina
3455 2469 3892 2578 imperium
3978 2469 4402 2566 tractabat,

2644 2657 2858 2742 quae
2913 2633 3260 2715 simulac
3313 2634 3441 2715 hic
3485 2635 3890 2716 tumultus
3935 2664 3984 2716 a
4030 2635 4406 2716 Hervoia

2644 2798 3103 2880 concitatus
3191 2811 3338 2897 est,
3431 2799 3795 2909 (ineunte
3883 2800 4120 2881 Iunio
4209 2801 4402 2882 anni

2645 2987 2859 3069 1413
2907 2965 3293 3046 Horvath
3335 2967 3484 3048 M.:
3530 2967 4193 3076 Magyarorszag
4233 2968 4404 3049 tor-

2641 3129 3002 3212 tenelme
3056 3179 3154 3188 —
3212 3131 3583 3213 Historia
3638 3132 4147 3242 Hungariae‚
4209 3145 4259 3214 t.
4309 3154 4398 3228 ΙΙ,

2643 3294 2848 3405 455)
2934 3295 3452 3378 nobilitatem
3543 3296 3650 3379 ad
3732 3325 3963 3379 arma
4045 3298 4400 3380 vocavit.

2641 3461 3068 3544 Hervoiae
3169 3461 3356 3543 duci
3459 3463 3994 3544 inimicissimi
4091 3463 4402 3544 Paulus

2643 3627 2992 3737 Chupor
3081 3628 3186 3711 de
3278 3628 3750 3725 Monoszlo‚
3845 3630 4203 3711 Ioannes
4296 3629 4401 3710 de

2640 3795 2863 3876 Gara
2944 3821 3041 3875 ac
3122 3795 3479 3876 Ioannes
3564 3794 3669 3875 de
3753 3793 4089 3876 Maroth
4181 3795 4400 3876 ultro

2638 3960 2809 4040 vim
2878 3959 2988 4041 illi
3057 3959 3349 4040 inferre
3414 3973 3988 4068 properarunt.
4085 3960 4399 4042 Kalen—

2637 4126 2765 4207 dis
2863 4125 3275 4237 Augustis
3368 4126 3746 4208 eiusdem
3835 4125 4029 4207 anni
4122 4153 4170 4206 a
4269 4125 4402 4206 Si-

2634 4292 3090 4402 gismundo
3176 4292 3619 4374 damnatus
3701 4318 3900 4373 vere
3981 4290 4398 4400 proscrip-

2634 4471 2768 4540 tus
2823 4469 2905 4540 et
2957 4457 3204 4540 bonis
3259 4458 3438 4539 suis
3488 4456 3885 4539 multatus
3940 4468 4086 4538 est.
4157 4456 4399 4563 Quae

2635 4624 3132 4733 proscriptio
3216 4650 3405 4704 cum
3489 4622 3770 4731 palam
3862 4623 4114 4719 fieret,
4211 4649 4396 4703 om-

2635 4816 2787 4870 nes
2861 4817 2912 4870 a
2986 4790 3364 4870 Hervoia
3447 4787 3947 4871 defecerunt.
4080 4788 4397 4870 Kalen-

2634 4957 2762 5039 dis
2821 4958 3044 5039 Iuliis
3117 4959 3337 5061 1413
3396 4957 3746 5066 Ragusa
3802 4954 4009 5038 haec
4061 4982 4210 5065 per
4262 4954 4393 5035 lit-

2630 5137 2852 5206 teras
2899 5123 3339 5233 significat:
3398 5123 3988 5232 „Spalatenses
4031 5120 4139 5202 ab
4186 5119 4393 5201 obe-

2633 5290 2940 5372 dientia
3012 5301 3094 5371 et
3158 5289 3358 5398 iugo
3426 5288 3661 5370 ducis
3729 5287 4181 5384 Hervoiae,
4263 5286 4392 5367 cui

2632 5457 2795 5537 iam
2906 5455 3227 5537 diucius
3329 5454 3663 5536 stabant
3761 5453 4187 5549 submissi,
4299 5479 4391 5534 se

2629 5622 2756 5703 his
2839 5648 3105 5731 prope
3190 5621 3496 5730 elapsis
3579 5620 3877 5701 diebus
3955 5644 4390 5701 commen-

2630 5787 2881 5870 dabili
2966 5788 3340 5898 quodam
3425 5787 3687 5868 modo
3771 5785 4112 5866 viriliter
4189 5784 4389 5865 sub—

2627 5965 2974 6051 traxere,
3043 5953 3202 6035 sub
3257 5979 3661 6062 sacreque
3728 5951 4183 6033 maiestatis
4238 5977 4389 6031 ve-

2627 6133 2795 6202 stre
2870 6120 3191 6201 alarum
3258 6119 3642 6201 umbram
3720 6117 4376 6227 confugiente5.“

3910 6271 3970 6318 11
