5559 7392
2464 1566 2627 1646 DE

629 1934 1479 2103 MISSALI
1591 1931 3191 2104 GLAGOLITICO
3307 1934 4465 2101 HERVOIAE

1043 2379 2253 2486 COMMENTATIO
2337 2381 2568 2484 AD
2648 2380 3213 2485 ARTEM
3298 2379 4050 2486 ORNANDI

2176 2703 2913 2785 PERTINENS.

1239 3451 1682 3531 Praestans
1728 3462 1810 3531 et
1852 3449 2266 3531 excellens
2312 3462 2438 3531 est

1152 3615 1282 3697 hic
1333 3615 1601 3696 codex
1656 3615 1984 3697 artificis
2029 3614 2435 3725 elegantis

988 3794 1306 3863 ornatu.
1389 3781 1607 3863 Cum
1669 3781 1888 3862 enim
1952 3781 2111 3862 alia
2166 3808 2437 3862 sacra-

526 3989 541 4052 ;
673 3959 899 4026 Fir-33·
995 3946 1397 4028 mentaria
1472 3947 1785 4055 paucas
1846 3944 2434 4027 tantummodo

676 4142 986 4225 easque
1069 4113 1356 4195 solitas
1441 4112 1852 4223 imagines
1926 4111 2031 4194 ad
2116 4124 2434 4194 textum

674 4280 1019 4362 canonis
1118 4279 1498 4388 proprias
1581 4278 2026 4361 exhibeant
2107 4290 2189 4359 et
2269 4278 2434 4358 for-

672 4460 897 4528 tasse
949 4445 1197 4528 etiam
1239 4444 1658 4554 paschalia
1701 4443 2142 4553 euangelia
2184 4470 2437 4525 euan-

672 4612 1158 4722 gelistarum
1241 4610 1701 4693 simulacris
1781 4610 2176 4692 notabilia
2248 4610 2433 4705 sint,

672 4806 859 4862 raro
894 4789 1176 4860 autem
1212 4777 1513 4859 festum
1552 4775 1981 4886 quoddam
2026 4776 2159 4857 vel
2196 4804 2435 4858 sanc-

672 4958 951 5026 torum
1046 4942 1389 5024 missam
1476 4941 1840 5023 habeant
1919 4942 2433 5038 illustratam,

673 5110 917 5191 huius
973 5108 1283 5189 codicis
1342 5133 1845 5217 unaquaque
1909 5107 2076 5189 fere
2129 5108 2436 5217 pagina

673 5276 957 5358 litteris
1073 5273 1730 5356 exornatissimis
1846 5286 1928 5355 et
2048 5273 2435 5385 imagun-

672 5441 876 5523 culis
930 5439 1302 5550 praedita
1370 5439 1804 5549 egregium
1873 5439 2136 5521 oculis
2201 5467 2435 5549 prae·

673 5608 815 5689 bet
879 5605 1465 5716 spectaculum.

824 5773 999 5853 Iam
1073 5771 1473 5866 librarius,
1558 5783 1649 5852 ut
1720 5798 1972 5880 supra
2050 5770 2432 5881 legimus,

675 5937 753 6019 id
808 5937 1340 6047 potissimum
1395 5937 1587 6048 egit,
1644 5950 1734 6019 ut
1786 5936 1917 6018 hic
1967 5935 2239 6018 codex
2282 5936 2437 6017 lar-

673 6103 804 6213 gis
870 6103 1416 6212 politissimae
1479 6103 1675 6185 artis
1734 6102 2245 6185 ornamentis
2300 6129 2438 6184 ex-

2649 3462 3117 3552 ornaretur3
3202 3479 3397 3533 nam
3479 3451 3878 3562 principia
3958 3451 4410 3533 litterarum

2649 3627 3131 3697 ornatarum
3204 3616 3782 3712 adumbrabat,
3868 3617 4135 3727 spatia
4209 3617 4411 3698 heli-

2647 3781 2882 3862 cibus
2956 3782 3515 3893 adiungendis
3590 3783 4133 3894 relinquebat,
4211 3811 4412 3893 qua-

2647 3948 2883 4030 drata
2936 3961 3018 4030 et
3070 3963 3524 4060 rectagona
3576 3949 4089 4060 depingebat
4143 3949 4237 4031 iis
4291 3950 4411 4031 lo-

2647 4115 2786 4212 ciS‚
2862 4115 3005 4197 ubi
3071 4115 3207 4196 vel
3283 4115 3534 4197 rebus
3605 4116 3865 4226 gestis
3938 4116 4072 4197 vel
4149 4116 4407 4197 sancti

2646 4280 3081 4363 cuiusdam
3137 4280 3596 4362 simulacris
3647 4293 3966 4363 textum
4022 4281 4161 4391 qui
4217 4280 4411 4362 dici-

2646 4461 2779 4530 tur
2835 4448 3071 4558 quasi
3127 4448 3407 4529 vestiri
3462 4446 3927 4557 oportebat.
4028 4449 4216 4557 Ipse
4278 4474 4411 4529 res

2648 4614 2930 4724 elegit,
3035 4626 3126 4695 ut
3226 4640 3329 4694 ex
3431 4625 3876 4722 praecepto
3972 4639 4159 4722 pag.
4249 4613 4407 4693 162

2649 4779 2991 4861 invento
3067 4791 3149 4861 et
3222 4778 3387 4860 iam
3471 4778 3551 4859 in
3635 4777 3903 4887 prima
3982 4803 4412 4858 commen-

2646 4945 2963 5028 tatione
3038 4956 3725 5041 commemoratO,
3813 4941 4043 5052 quod
4117 4941 4410 5050 pictori

2647 5123 2844 5220 post
2905 5110 3283 5219 sequenti
3358 5109 3862 5192 destinatum
3939 5120 4135 5204 erat,
4212 5134 4415 5218 cog-

2649 5277 3039 5357 noscitur.

2801 5441 2893 5524 Id
2987 5467 3258 5552 genus
3353 5453 3633 5521 autem
3727 5452 4169 5548 praecepta
4257 5439 4413 5520 fre-

2648 5606 2988 5715 quentia
3041 5606 3292 5687 fuisse
3346 5605 3718 5715 putanda
3769 5616 3964 5687 sunt
4006 5617 4150 5686 aut
4195 5631 4414 5686 nunc

2650 5770 2987 5892 quidem
3035 5772 3319 5881 opacis
3363 5771 3808 5868 coloribus,
3865 5770 4167 5880 quibus
4213 5771 4411 5851 ima-

2649 5937 3064 6046 gunculae
3199 5936 3894 6046 depingebantur,
4031 5946 4410 6016 contecta

2651 6129 2839 6184 esse
2914 6102 3338 6198 videntur;
3416 6101 3576 6183 alia
3646 6128 3850 6183 vero
3926 6099 4105 6181 eius
4179 6099 4407 6182 modi
