5559 7392
2745 607 2844 712 .—
2957 665 3263 751 98—

1140 928 1251 1031 78
1285 955 1358 1022 v,
1422 929 1534 1030 85
1616 909 1767 1006 nec
1840 951 2008 1005 non
2075 924 2430 1034 angelus
2499 924 2899 1006 Matthaei

1134 1118 1322 1200 pag.
1404 1094 1560 1172 182
1634 1119 1688 1171 v
1785 1102 1865 1172 et
1955 1088 2400 1171 duodecim
2498 1089 2896 1171 fastorum

1135 1257 1541 1366 imagines
1618 1283 1807 1365 pag.
1871 1257 2308 1359 143—148
2355 1285 2408 1336 v
2479 1257 2581 1365 (v.
2640 1256 2776 1365 fig.
2826 1278 2899 1362 7,

1137 1426 1214 1519 8,
1285 1450 1363 1527 9,
1445 1421 1597 1531 10).

1289 1589 1418 1668 Ex
1493 1588 1831 1697 picturis
1907 1601 2211 1685 autem,
2290 1614 2504 1697 quae
2579 1600 2900 1696 partem

1135 1754 1724 1836 tantummodo
1779 1753 2200 1863 quandam
2258 1752 2711 1836 latitudinis
2765 1780 2905 1833 co-

1136 1919 1471 2000 lumnae
1562 1919 2192 2029 amplectuntur,
2242 1946 2602 2028 paucae
2684 1931 2900 2013 sunt,

1136 2085 1438 2193 quibus
1495 2099 1622 2167 est
1666 2085 2068 2195 quadrata
2123 2085 2418 2181 forma;
2478 2112 2669 2165 nam
2725 2084 2903 2194 ple-

1135 2278 1487 2359 rumque
1564 2263 1759 2332 sunt
1829 2250 2107 2360 specie
2183 2250 2612 2358 rectagoni
2680 2249 2900 2346 recti,

1142 4594 1229 4662 ut
1293 4606 1482 4690 pag.
1532 4603 1643 4686 55
1713 4580 1933 4662 caeci
1999 4581 2289 4677 sanati,
2359 4607 2548 4690 pag.
2598 4605 2712 4683 99
2779 4606 2906 4659 re-

1140 4746 1542 4828 surrectio
1626 4745 2066 4842 dominica,
2153 4772 2342 4855 pag.
2427 4746 2584 4826 103
2670 4743 2905 4826 femi-

1142 4939 1296 4993 nae
1360 4911 1466 4993 ad
1535 4923 2200 5007 monumentum,
2269 4937 2458 5020 pag.
2524 4935 2684 5014 109
2751 4910 2908 4991 do-

1140 5078 1337 5159 mini
1420 5078 1804 5159 ascensio
1889 5077 1967 5158 in
2051 5077 2398 5172 caelum,
2484 5103 2674 5187 pag.
2746 5102 2904 5158 112

1143 5256 1225 5325 et
1287 5232 1470 5325 211'
1517 5243 2090 5325 sanctissimae
2149 5244 2542 5325 trinitatis·
2588 5244 2909 5354 effigies

1145 5411 1252 5519 (v.
1319 5409 1454 5520 fig.
1507 5411 1644 5506 38,
1711 5409 1880 5519 40),
1959 5436 2148 5520 pag.
2214 5434 2375 5514 109
2440 5410 2910 5519 assumptio

1141 5574 1429 5656 beatae
1473 5574 1818 5685 virginis
1868 5574 1969 5683 (v.
2009 5575 2145 5684 fig.
2182 5573 2349 5683 37).
2419 5574 2748 5656 Deinde
2794 5576 2913 5654 in-

1143 5753 1606 5850 sequuntur
1669 5739 2109 5821 simulacra
2174 5740 2670 5849 scriptorum
2746 5740 2909 5821 lec-

1144 5907 1489 6002 tionum,
1585 5907 2150 6015 epistolarum,
2253 5906 2908 6016 euangeliorum,

1149 6101 1301 6154 nec
1374 6100 1543 6154 non
1619 6086 2126 6169 sanctorum,
2214 6072 2518 6182 quibus
2606 6073 2911 6155 missae

3114 936 3347 1005 erant
3413 924 3862 1020 dedicatae,
3939 924 4118 1004 sive
4192 936 4482 1032 pectus
4556 937 4877 1005 tantum

3115 1090 3245 1171 vel
3304 1090 3731 1171 hominem
3789 1117 4016 1199 genu
4082 1102 4326 1171 tenus
4384 1090 4876 1198 exprimunt.

3115 1257 3293 1338 sive
3359 1270 3621 1338 totam
3689 1257 4092 1366 praebent
4156 1269 4597 1352 staturam;
4666 1285 4879 1365 quo-

3115 1449 3298 1504 rum
3375 1435 3569 1504 sunt
3633 1422 4190 1532 quadraginta
4254 1423 4622 1532 quinque
4688 1450 4875 1533 pag.

3117 1590 3193 1685 3,
3257 1610 3382 1695 17,
3431 1611 3543 1692 42
3583 1617 3661 1685 v,
3710 1612 3824 1691 44
3858 1617 3934 1684 v,
3995 1613 4132 1695 50,
4183 1590 4297 1695 56
4333 1618 4409 1685 v,
4461 1611 4569 1696 57
4611 1619 4688 1686 V,
4738 1590 4877 1695 65,

3114 1757 4878 1861 100,101,102,115,118v,149,152,

3115 1922 3300 2017 160,
3368 1921 3553 2018 161,
3625 1922 3783 2002 162
3855 1921 4073 2029 (cum
4129 1921 4457 2003 duabus
4505 1922 4883 2031 imagini-

3116 2086 3328 2196 bus),
3394 2087 3574 2182 163,
3640 2088 3898 2183 163v,
3962 2087 4141 2190 164,
4205 2089 4357 2193 167
4412 2087 4630 2195 (cum
4679 2088 4881 2169 dua-

3116 2251 3275 2333 bus
3320 2251 3880 2364 imaginibus),
3944 2254 4120 2350 168,
4183 2274 4356 2359 170,
4422 2277 4583 2358 171,
4647 2277 4770 2361 171
4808 2283 4879 2350 v,

3132 2440 3316 2524 172,
3388 2440 3574 2525 174,
3647 2440 3833 2525 175,
3906 2422 4090 2526 176,
4164 2441 4317 2526 177
4391 2417 4610 2528 (cum
4675 2420 4881 2502 dua-

3116 2582 3275 2664 bus
3354 2584 3913 2694 imaginibus),
4014 2586 4173 2691 178
4262 2584 4481 2696 (cum
4558 2586 4886 2668 duabus

3119 2748 3678 2858 imaginibus),
3783 2752 3969 2847 183,
4074 2753 4233 2853 184
4325 2752 4541 2858 (cum
4618 2750 4883 2833 tribus

3119 2914 3682 3025 imaginibus),
3792 2917 3978 3020 185,
4097 2919 4281 3022 187,
4396 2918 4581 3014 188,
4695 2941 4881 3022 190,

3124 3105 3317 3162 201.
3385 3081 3931 3190 Imaguncula
3983 3110 4189 3163 vero
4240 3082 4319 3163 in
4369 3083 4884 3166 latitudinem

3119 3260 3501 3356 porrecta
3553 3275 3720 3328 una
3772 3261 4093 3329 tantum
4156 3249 4561 3357 reperitur
4621 3277 4887 3360 eaque

3118 3413 3575 3522 angustior,
3672 3441 3923 3523 quam
4005 3414 4354 3496 latitudo
4440 3416 4883 3498 columnae

3119 3591 3267 3676 est,
3347 3606 3536 3689 pag.
3607 3602 3770 3686 170
3818 3608 3896 3678 V,
3990 3581 4129 3662 ubi
4223 3581 4609 3663 nativitas
4690 3581 4884 3663 bea-

3118 3758 3250 3827 tae
3320 3745 3671 3856 virginis
3736 3746 4062 3856 depicta
4127 3760 4273 3828 est.
4376 3748 4621 3829 Duae
4677 3747 4887 3829 aliae

3120 3910 3200 3991 id
3273 3937 3547 4021 genus
3621 3912 4031 4020 imagines
4104 3892 4368 3994 totam
4444 3913 4886 3995 columnae

3118 4078 3634 4160 latitudinem
3715 4078 4189 4160 continent:
4287 4078 4701 4160 Parabola
4782 4079 4889 4161 de

3120 4257 3351 4353 patre
3425 4244 3777 4329 familias
3859 4244 3999 4353 qui
4074 4244 4480 4354 plantavit
4553 4245 4887 4326 vineam

3122 4411 3229 4517 (v.
3278 4410 3412 4521 fig.
3454 4410 3598 4519 35)
3655 4436 3845 4520 pag.
3885 4434 3984 4512 41
4056 4423 4139 4493 et
4191 4411 4476 4492 Lazari
4524 4439 4573 4492 a
4618 4424 4889 4494 morte

3120 4575 3224 4657 ad
3279 4576 3536 4659 vitam
3592 4576 4017 4658 revocatio
4074 4602 4263 4685 pag.
4315 4580 4451 4682 58.
4539 4578 4629 4658 In
4685 4577 4889 4658 ima-

3120 4745 3316 4852 gine
3382 4757 3663 4825 autem
3729 4744 4248 4854 amplissima
4312 4756 4507 4854 post
4570 4758 4889 4827 textum

3121 4910 3417 5019 posita,
3504 4937 3718 5020 quae
3803 4910 3881 4991 in
3965 4910 4481 4992 altitudinem
4559 4924 4890 4993 extenta

3122 5103 3271 5185 per
3351 5089 3616 5159 totam
3699 5077 4143 5158 columnae
4226 5076 4634 5186 procurrit
4710 5077 4889 5158 lati-

3122 5242 3519 5340 tudinem,
3603 5243 4157 5352 archangelus
4242 5243 4673 5325 Michaelis
4756 5243 4889 5325 vel

3124 5389 3211 5490 S.
3251 5408 3671 5517 Georgius
3717 5421 4062 5518 apparet
4108 5410 4213 5518 (v.
4253 5408 4388 5516 fig.
4430 5407 4598 5517 39).
4667 5410 4890 5489 Tum

3125 5573 3539 5682 elegantia
3645 5586 3727 5654 et
3821 5573 4374 5654 concinnitate
4480 5573 4895 5654 excellunt

3125 5740 3294 5822 duo
3400 5739 3805 5849 quadrata
3903 5740 4243 5821 minima
4344 5740 4889 5835 dimensione,

3125 5906 3429 6017 quibus
3477 5906 3777 5987 Christi
3825 5906 4073 5988 facies
4121 5918 4200 5987 et
4244 5906 4581 5987 Ioannis
4625 5906 4893 6015 bapti-

3124 6073 3425 6154 zatoris
3480 6086 3727 6182 caput
3780 6073 4152 6155 decisum
4211 6072 4315 6180 (v.
4364 6072 4499 6182 fig.
4542 6071 4622 6180 2)
4679 6072 4893 6181 picta
