5559 7392
2693 637 3260 704 —118—

1114 908 1277 988 iam
1392 917 1586 987 ante
1702 901 2242 984 Florentinus
2361 901 2643 982 Dante
2770 926 2873 980 ex

1114 1071 1503 1181 exemplo
1607 1069 1852 1150 huius
1958 1066 2337 1149 trinitatis
2436 1066 2873 1176 tricipitem

1114 1236 1570 1348 principem
1660 1234 2037 1315 locorum
2121 1232 2637 1313 infernorum
2730 1257 2874 1312 ex-

1113 1402 1533 1512 cogitavit,
1619 1401 1759 1511 qui
1843 1400 1950 1482 ab
2033 1398 2480 1481 artificibus
2564 1396 2873 1479 saeculi

1114 1568 1413 1650 decimi
1488 1567 1755 1678 quarti
1829 1565 2501 1677 frequentissime
2575 1591 2875 1646 secun-

1115 1735 1319 1817 dum
1409 1734 1624 1815 hanc
1706 1731 2356 1842 descriptionem
2440 1731 2521 1812 in
2604 1730 2875 1840 parie-

1114 1899 1335 1982 tibus
1403 1899 1783 2008 depictus
1851 1911 1998 1980 est.
2316 1860 2325 1867 .

1267 2064 1657 2175 Depictio
1712 2064 2049 2145 Ioannis
2106 2061 2630 2173 baptismatis
2683 2089 2873 2172 pag.

1122 2234 1289 2314 232
1390 2257 1725 2350 summa
1821 2243 1949 2312 est
2043 2229 2588 2339 simplicitate.
2694 2227 2876 2309 Viri

1117 2398 1671 2507 mulieresque
1732 2395 2007 2477 nudos
2065 2394 2415 2475 infantes
2471 2393 2877 2490 adserunt,

1115 2590 1368 2672 super
1448 2589 1665 2672 quos
1741 2563 2103 2643 Ioannes
2186 2560 2543 2670 pellibus
2625 2559 2879 2640 amic-

1116 2742 1252 2811 tus
1344 2754 1447 2808 ex
1538 2754 1797 2809 cornu
1889 2754 2196 2837 aquam
2287 2724 2677 2836 baptismi
2761 2724 2880 2805 ef-

1118 2893 1402 2975 fundit.

1269 3060 1470 3170 Pag.
1527 3084 1686 3164 241
1740 3088 1798 3141 v
1870 3059 1977 3141 ad
2052 3057 2573 3168 sequentiam
2652 3054 2884 3153 „dies

1122 3225 1341 3306 irae“
1417 3238 1765 3335 apparet
1831 3224 2119 3306 mundi
2193 3224 2680 3333 redemptor
2753 3249 2884 3303 re-

1123 3389 1361 3471 diens
1418 3390 1550 3471 die
1608 3389 1920 3488 iudicii;
1978 3388 2232 3471 rubro
2287 3388 2650 3471 amiculo
2704 3387 2884 3469 sine

1121 3556 1400 3636 tunica
1455 3555 1806 3637 vestitus
1872 3556 1953 3636 in
2020 3555 2244 3636 nube
2308 3554 2619 3636 sedens
2685 3552 2887 3634 sub-

1123 3719 1307 3802 latis
1382 3721 1770 3802 manibus
1852 3747 2007 3802 sua
2089 3719 2455 3830 quinque
2539 3719 2890 3800 vulnera

1124 3913 1419 3968 cruore
1476 3886 1867 3967 stillantia
1931 3885 2335 3983 ostendit;
2402 3885 2630 3967 iuxta
2694 3912 2889 3967 eum

1126 4052 1677 4135 instrumenta
1740 4051 2157 4162 passionis
2223 4051 2692 4133 dominicae
2767 4053 2889 4133 in-

1125 4231 1253 4300 ter
1304 4218 1628 4300 caelum
1681 4231 2156 4328 terramque
2219 4245 2634 4328 suspensa
2684 4246 2892 4328 pen-

1136 4384 1356 4465 dent

1284 4550 1503 4632 Cum
1576 4549 2163 4661 aequabilitate
2240 4549 2607 4659 quadam
2679 4562 2893 4632 trac-

1132 4728 1350 4797 tatae
1434 4729 1632 4798 sunt
1710 4716 2075 4827 picturae
2161 4715 2892 4825 euangelistarum‚

1133 4881 1765 4992 prophetarum,
1868 4895 2371 4964 sanctorum.
2502 4882 2897 4992 Euange-

1134 5048 1369 5130 listae
1470 5074 1677 5128 vero
1776 5060 1858 5129 et
1953 5047 2436 5157 prophetae,
2537 5074 2898 5157 quorum

1134 5215 1628 5325 plerumque
1685 5227 1881 5296 sunt
1935 5215 2579 5324 semiimagineS‚
2641 5215 2901 5296 modo

1134 5379 1456 5462 barbati
1549 5381 1809 5462 modo
1906 5379 2325 5462 imberbes
2423 5381 2898 5491 depingun-

1134 5559 1286 5644 tur,
1354 5546 1466 5628 ita
1520 5546 1862 5656 quidem
1929 5559 2019 5628 ut
2074 5546 2318 5628 certis
2383 5546 2645 5657 signis
2710 5574 2897 5628 raro

1136 5724 1459 5794 tantum
1534 5711 1700 5793 sint
1774 5712 2055 5794 notati.
2155 5712 2333 5792 Viri
2398 5713 2711 5823 antiqui
2776 5724 2899 5793 te-

1136 5878 1522 5961 stamenti
1578 5890 2161 5988 tegumentum
2218 5878 2506 5988 capitis
2563 5891 2643 5960 et
2697 5906 2901 5987 pan-

1138 6044 1463 6126 chartas
1535 6056 1897 6154 gestant,
1986 6044 2557 6154 euangelistae
2631 6044 2899 6154 capite

3084 907 3376 1004 aperto
3461 906 3656 975 sunt
3737 892 4164 1002 librosque
4257 891 4644 973 manibus
4725 904 4850 973 te-

3087 1070 3306 1156 nent,
3395 1059 3565 1169 sed·
3630 1059 4113 1168 ceteroquin
4198 1058 4424 1139 idem
4506 1057 4849 1140 rubrum

3085 1225 3428 1336 pallium
3510 1236 3834 1334 gerunt.
3944 1226 4080 1305 De
4156 1225 4492 1335 propria
4567 1238 4849 1307 autem

3086 1391 3616 1502 singulorum
3709 1390 4269 1501 descriptione
4360 1391 4651 1474 artifex
4743 1391 4853 1473 ita

3088 1585 3258 1639 non
3318 1556 3739 1667 cogitavit,
3809 1570 3899 1639 ut
3955 1557 4313 1667 exempli
4370 1558 4638 1668 gratia
4687 1559 4855 1639 Lu-

3087 1751 3270 1806 cam
3365 1723 3569 1805 alias
3665 1723 4130 1818 imberbem
4220 1724 4852 1807 adolescentem

3087 1889 3290 1971 alias
3371 1889 3668 1987 virum,
3763 1890 3997 1972 cuius
4087 1889 4350 1972 barba
4441 1891 4523 1972 in
4615 1891 4853 1973 labro

3090 2069 3172 2138 et
3237 2069 3526 2138 mento
3593 2055 3928 2138 intonsa
3993 2069 4139 2153 est,
4209 2057 4534 2141 faceret.
4635 2060 4853 2140 Cum

3088 2249 3294 2303 vero
3350 2222 3662 2304 Paulus
3719 2249 4057 2332 semper
4112 2250 4375 2305 senex
4430 2251 4621 2306 cum
4677 2226 4855 2336 gla-

3090 2388 3230 2470 dio
3319 2387 3424 2498 (V.
3492 2389 3629 2498 fig.
3695 2386 3779 2497 4)
3873 2402 3956 2472 et
4039 2391 4398 2472 Ioannes
4483 2418 4855 2503 euange-

3090 2555 3277 2637 lista
3342 2554 3653 2665 ubique
3709 2555 4092 2638 iuvenilis
4159 2554 4266 2666 (v.
4313 2558 4450 2667 fig.
4495 2556 4638 2669 41)
4707 2560 4855 2643 de-

3091 2721 3280 2830 picti
3375 2721 3569 2819 sint,
3673 2721 3753 2802 in
3844 2722 4291 2832 propatulo
4389 2738 4517 2807 est
4609 2727 4857 2809 artifi-

3092 2912 3275 2968 cem
3331 2900 3650 2969 certum
3714 2899 4008 2997 typum
4064 2916 4403 2971 servare
4458 2906 4854 2975 conatum

3098 3080 3311 3135 esse.
3407 3054 3591 3136 Nec
3649 3081 3820 3135 non
3878 3056 4183 3138 sanctis
4250 3056 4597 3168 depictis
4654 3087 4858 3169 pau-

3096 3219 3271 3301 lum
3354 3232 3678 3302 tantum
3761 3221 4180 3304 varietatis
4267 3224 4549 3324 datur;
4636 3239 4861 3309 stant

3099 3387 3321 3467 enim
3417 3387 3671 3496 quieti
3768 3387 4260 3498 immotique
4355 3404 4499 3473 aut
4591 3419 4863 3474 sacer-

3098 3552 3355 3635 dotali
3431 3566 3729 3635 ornatu
3804 3554 4065 3637 induti
4131 3569 4294 3653 aut,
4371 3560 4860 3666 praesertim

3100 3746 3289 3800 cum
3355 3746 3527 3801 non
3592 3732 3787 3802 sunt
3849 3721 4232 3831 apostoli,
4309 3722 4596 3805 habitu
4669 3701 4864 3834 pro-

3101 3884 3288 3993 pius
3351 3886 3803 3968 accedente
3863 3885 3972 3968 ad
4033 3886 4660 3972 similitudinem
4722 3918 4866 3972 ve-

3101 4051 3344 4133 stitus
3397 4051 3729 4134 illorum
3781 4065 4284 4162 temporum,
4343 4054 4646 4163 quibus
4698 4055 4865 4166 pic-

3103 4229 3237 4298 tor
3303 4217 3485 4326 ipse
3549 4217 3792 4315 vixit;
3871 4219 3952 4299 in
4028 4219 4518 4302 universum
4581 4234 4865 4303 autem

3105 4410 3292 4464 raro
3368 4384 3613 4464 certis
3680 4384 4147 4495 insignibus
4224 4386 4582 4469 distincti
4649 4401 4866 4486 sunt,

3106 4562 3196 4631 ut
3278 4550 3612 4631 Helena
3693 4578 3882 4662 pag.
3954 4552 4115 4634 160
4198 4579 4600 4634 coronam
4683 4581 4867 4636 cru-

3108 4741 3460 4825 cemque
3534 4716 3772 4826 gerit,
3849 4718 4149 4801 Petrus
4223 4745 4413 4829 pag.
4477 4719 4636 4825 167
4706 4719 4870 4800 cla-

3108 4908 3283 4978 ves,
3325 4881 4026 4965 Bartholomaeus
4064 4911 4255 4994 pag.
4295 4905 4448 4990 177
4492 4884 4868 4982 cultrum,

3111 5045 3591 5156 ibidemque
3663 5047 3770 5129 ad
3838 5048 4103 5158 pedes
4166 5049 4575 5131 Ludovici
4653 5051 4872 5160 epis-

3111 5212 3297 5322 copi
3381 5238 3694 5294 corona
3775 5215 4206 5323 repudiata
4288 5215 4520 5314 iacet,
4608 5217 4869 5298 sancti

3112 5378 3409 5460 medici
3519 5380 3880 5461 Cosmas
3987 5393 4068 5463 et
4173 5381 4644 5464 Damianus
4750 5384 4873 5464 in-

3111 5545 3394 5627 structi
3463 5559 3660 5628 sunt
3723 5547 4033 5656 pyxide
4112 5548 4602 5646 medicinali,
4679 5576 4870 5659 pag.

3126 5711 3289 5814 184
3343 5740 3399 5792 v
3486 5712 4058 5820 Hieronymus
4143 5726 4506 5825 protypo
4592 5714 4873 5797 basili-

3112 5906 3278 5976 cae,
3353 5878 3801 5961 Catharina
3862 5906 4051 5989 pag.
4115 5904 4275 5984 190
4343 5908 4603 5990 parva
4667 5894 4871 5976 rota,

3113 6058 3481 6127 ceterum
3555 6072 3763 6127 vero
3838 6046 4169 6156 palmae
4243 6047 4379 6128 vel
4456 6047 4636 6129 libri
4719 6076 4873 6158 pro
