5559 7392
2700 680 3260 746 -108—

1116 942 1467 1023 Mariam
1548 956 1817 1022 ortam
1892 944 2173 1022 maria
2222 1007 2565 1021 ......
2649 968 2881 1022 anna

1101 1114 1529 1217 pem...

1111 1274 1434 1355 tionum
1503 1273 1921 1382 reliquiae,
1998 1298 2208 1380 quas
2275 1271 2646 1381 indages,
2716 1272 2880 1352 iam

1640 1106 1882 1187 Aliae
1939 1133 2143 1187 vero
2198 1105 2486 1187 talium
2542 1105 2882 1214 inscrip-

1113 1439 1275 1549 legi
1333 1451 1778 1548 nequeunt,
1835 1452 1925 1520 ut
1975 1464 2163 1547 pag.
2214 1458 2398 1542 105,
2455 1462 2641 1541 109,
2693 1437 2878 1531 168,

1130 1608 1290 1710 178
1328 1633 1404 1696 v,
1487 1605 1671 1709 187.

1269 1770 1450 1850 Has
1504 1783 1782 1851 autem
1839 1768 2418 1877 inscriptiones
2473 1795 2641 1848 non
2691 1780 2885 1877 post

1117 1936 1373 2018 factas
1449 1961 1658 2032 esse,
1737 1961 1953 2044 quae
2027 1934 2636 2044 spectatoribus
2701 1947 2883 2016 tex-

1117 2118 1296 2186 tum
1350 2101 1925 2213 glagoliticum
1984 2129 2152 2182 non
2210 2101 2884 2211 intellegentibus

1118 2268 1756 2379 explicationem
1864 2267 2389 2377 praeberent,
2499 2266 2690 2348 inde
2799 2266 2888 2348 fit

1118 2434 1573 2545 probabile,
1661 2432 1891 2543 quod
1960 2433 2377 2542 quaedam
2451 2445 2726 2542 partes
2805 2432 2886 2515 id

1118 2629 1391 2711 genus
1456 2599 2085 2710 inscriptionum
2153 2599 2529 2710 margine
2584 2581 2886 2709 ‘imagi-

1123 2795 1323 2849 num
1389 2780 1839 2877 coopertae
1902 2779 2095 2848 sunt
2149 2767 2259 2847 ita
2311 2777 2401 2846 ut
2453 2793 2596 2847 eas
2659 2766 2887 2875 prius

1122 2934 1556 3043 inscriptas
1609 2958 1796 3014 esse
1861 2930 2396 3014 statuendum
2464 2931 2570 3013 sit
2633 2958 2885 3040 quam

1123 3100 1531 3210 imagines
1622 3098 1852 3207 ipsae
1933 3097 2099 3178 sint
2180 3097 2578 3206 depictae.
2704 3097 2887 3177 Pic-

1121 3277 1254 3346 tor
1349 3264 1625 3375 igitur,
1724 3290 1914 3345 cum
2011 3289 2491 3344 sermonem
2587 3262 2888 3372 glago-

1124 3430 1433 3512 liticum
1511 3458 1679 3511 non
1755 3429 2295 3539 intellegeret,
2382 3429 2518 3511 illa
2590 3428 2889 3510 librarii

1124 3607 1568 3705 praecepta
1631 3607 1721 3676 ut
1776 3594 1929 3675 sibi
1996 3594 2077 3675 in
2134 3595 2479 3676 latinum
2537 3621 2891 3675 conver-

1126 3774 1496 3843 terentur
1569 3761 2063 3870 poposcisse
2138 3771 2220 3842 et
2291 3760 2661 3842 celeriter
2740 3747 2890 3841 adss

1126 3939 1466 4008 notasse
1564 3926 1932 4025 videtur;
2032 3953 2199 4036 qua
2292 3953 2380 4007 re
2475 3925 2892 4007 interdum

1126 4119 1344 4173 unus
1420 4091 1738 4175 alterve
1802 4118 2033 4174 error
2106 4092 2338 4173 facile
2403 4091 2673 4201 potuit
2744 4092 2894 4173 ad-

1129 4258 1358 4339 mitti.
1474 4258 1762 4368 Itaque
1838 4257 2176 4369 imagini
2252 4258 2709 4368 prophetae
2782 4258 2891 4339 ad

1128 4422 1570 4532 epistulam
1629 4422 1878 4505 feriae
1941 4444 2033 4506 ΙΙ.
2093 4436 2289 4532 post
2343 4445 2472 4508 ΙΙΙ.
2533 4412 2894 4505 domini-

1128 4615 1319 4669 cum
1376 4588 2071 4698 quadragesimae
2126 4589 2501 4698 depictae
2553 4585 2898 4702 [Estias

1131 4754 1598 4863 adscriptus
1717 4767 1873 4852 est,
1990 4781 2179 4835 cum
2300 4755 2381 4835 in
2501 4755 2642 4837 illo
2757 4782 2895 4837 ca-

1133 4920 1300 5029 pite
1363 4940 1487 5003 IV.
1557 4920 1603 5001 l.
1668 4921 2003 5031 Regum
2072 4941 2162 5017 V,
2238 4921 2486 5002 1—16
2554 4920 2658 5001 de
2723 4922 2896 5003 Eli-

1133 5111 1284 5166 seo
1367 5098 1685 5193 agatur.
1805 5086 2050 5193 Quae
2128 5114 2332 5168 vero
2416 5086 2720 5168 deinde
2798 5115 2899 5169 ex

1136 5261 1423 5331 nostra
1519 5251 2111 5334 observatione
2216 5253 2420 5334 effici
2518 5266 2896 5363 possunt,

1136 5414 1342 5497 haec
1424 5430 1658 5498 sunt:
1741 5418 2008 5526 pictor
2081 5444 2613 5528 nequaquam
2690 5419 2901 5500 indi-

1135 5608 1357 5690 gena
1402 5582 1925 5691 Spalatensis
1980 5610 2458 5665 sermonem
2516 5584 2693 5665 eius
2746 5596 2905 5666 ter-

1138 5774 1297 5845 rae,
1368 5748 1518 5829 etsi
1585 5747 2040 5829 litterarum
2106 5748 2420 5857 peritus
2486 5748 2652 5846 suit,
2731 5776 2902 5830 non

1140 5912 1537 5994 intellexit
1600 5926 1682 5994 et
1745 5926 2196 6022 postquam
2263 5914 2336 5995 ei
2402 5912 2607 5996 haec
2669 5941 2906 6023 prae-

1139 6092 1379 6187 cepta
1452 6077 1739 6158 brevia
1813 6077 2099 6188 lingua
2173 6078 2426 6160 latina
2498 6093 2908 6189 concepta

3094 942 3378 1058 oblata
3450 953 3665 1037 sunt,
3743 941 3921 1048 ipse
3996 966 4185 1019 cum
4262 936 4550 1019 codice
4626 937 4861 1018 solus

3096 1123 3223 1191 est
3288 1108 3753 1190 destitutus,

3250 1275 3467 1356 Cum
3571 1299 3777 1355 vero
3879 1271 4148 1381 figura
4256 1270 4714 1352 litterarum
4813 1298 4863 1350 a

3094 1440 3427 1523 librario
3543 1440 4102 1549 praeformata
4216 1449 4457 1534 esset,
4571 1436 4862 1519 artifex

3094 1608 3398 1718 exigua
3517 1619 3840 1688 tantum
3964 1603 4361 1715 pingendi
4487 1603 4863 1685 libertate

3096 1800 3299 1855 usus
3376 1785 3520 1854 est.
3627 1771 3877 1852 Liber
3954 1784 4206 1880 atque
4279 1769 4608 1851 solutus
4682 1768 4864 1878 qui-

3097 1939 3293 2020 dem
3389 1951 3562 2020 erat
3654 1939 3734 2019 in
3830 1936 4413 2047 persequenda
4513 1962 4863 2045 compo-

3097 2104 3420 2200 sitione,
3519 2103 3669 2185 sed
3766 2115 4357 2213 argumentum
4454 2101 4526 2183 ei
4623 2128 4864 2209 prae-

3099 2270 3496 2378 scriptum
3579 2281 3831 2376 atque
3914 2267 4187 2377 ipsum
4270 2266 4633 2377 spatium
4719 2266 4865 2348 de-

3098 2434 3617 2545 pingendum
3713 2432 4439 2516 terminationibus
4543 2432 4865 2514 finitum

3097 2600 3352 2681 fuisse
3417 2599 3747 2681 scimus.
3858 2599 4000 2680 Bis
4064 2610 4388 2680 tantum
4455 2598 4867 2680 licentiam

3100 2765 3254 2848 sibi
3369 2765 3730 2875 sumpsit
3853 2764 4351 2874 paulumper
4464 2763 4862 2846 mutandi.

3099 2933 3300 3042 Pag.
3382 2955 3544 3036 109
3636 2931 3855 3012 enim
3952 2931 4033 3011 in
4132 2929 4477 3011 Domini
4574 2957 4867 3011 ascen-

3100 3097 3339 3179 sione
3424 3109 3506 3178 et
3592 3122 3780 3206 pag.
3864 3098 4021 3202 187
4121 3095 4202 3177 in
4290 3096 4867 3206 semiimagine

3101 3262 3437 3344 Ioannis
3501 3261 4074 3372 euangelistae
4139 3289 4333 3343 area
4405 3261 4868 3372 depingen-

3104 3429 3212 3510 da
3302 3457 3350 3509 a
3442 3427 3774 3509 librario
3877 3441 3968 3512 ut
4067 3427 4287 3509 haud
4381 3455 4569 3509 raro
4675 3455 4869 3537 spa-

3102 3595 3308 3676 tium
3395 3606 3671 3675 textus
3754 3593 4417 3704 transgrediente
4503 3593 4582 3673 in
4670 3593 4871 3675 infe-

3105 3761 3407 3842 riorem
3472 3760 3642 3841 folii
3708 3760 4174 3871 marginem
4239 3759 4607 3841 detracta
4671 3770 4865 3839 erat.

3103 3927 3381 4007 Pictor
3475 3926 3722 4036 igitur
3812 3924 4025 4006 hanc
4121 3925 4648 4036 designatam
4745 3936 4869 4006 ta-

3105 4092 3352 4174 bulae
3461 4091 3933 4174 inferiorem
4035 4103 4357 4200 partem
4459 4091 4684 4188 rasit,
4789 4090 4870 4171 id

3105 4258 3336 4366 quod
3392 4258 3808 4339 luculenta
3859 4256 4216 4366 vestigia
4269 4256 4870 4350 demonstrant,

3108 4438 3191 4506 et
3253 4450 3531 4505 aream
3591 4421 4212 4532 depingendam
4277 4434 4511 4503 tanto
4576 4450 4871 4533 ampu-

3106 4589 3313 4670 tavit
3395 4600 3798 4699 quantum
3891 4588 4070 4670 eius
4152 4588 4660 4697 compositio
4742 4616 4872 4670 re-

3109 4753 3511 4864 quirebat.
3583 4753 3839 4860 Quod
3896 4753 4002 4835 ad
4057 4753 4402 4835 alteram
4449 4780 4625 4835 rem
4680 4780 4869 4864 pag.

3124 4921 3282 5025 187
3389 4918 3708 5015 attinet,
3810 4918 4016 4999 mira
4116 4917 4599 5000 observatio
4702 4919 4873 5001 fieri

3112 5096 3407 5194 potest.
3523 5085 3810 5166 Verba
3873 5065 4307 5196 'praecepti
4385 5072 4553 5167 W
4633 5115 4872 5169 evan.

3112 5252 3193 5332 in
3259 5251 3531 5360 spatio
3599 5251 3897 5360 prioris
3962 5279 4012 5331 a
4076 5250 4407 5332 librario
4484 5251 4875 5361 designa-

3111 5430 3244 5498 tae
3308 5442 3551 5497 areae
3607 5416 3797 5497 stilo
3855 5429 4258 5526 argenteo
4316 5418 4591 5526 posita
4646 5430 4879 5499 erant

3115 5596 3197 5664 et
3271 5582 3350 5663 in
3427 5609 3714 5663 rasura
3788 5582 3952 5693 legi
4021 5596 4399 5692 possunt.
4531 5584 4724 5690 Qua
4790 5611 4876 5666 re

3117 5759 3402 5829 nostra
3491 5748 3776 5856 opinio
3869 5775 4122 5857 supra
4217 5759 4878 5830 commemorata

3116 5914 3654 5995 confirmatur
3766 5914 4120 6023 plurima
4224 5929 4687 6024 praecepta,
4796 5916 4877 5995 in

3118 6080 3421 6189 quibus
3498 6082 3782 6162 omnia
3858 6081 4025 6163 fere
4090 6081 4591 6191 glagolitica,
4672 6082 4880 6162 intra
