5559 7392
2224 655 2319 664 —
2443 636 2568 685 121
2693 658 2788 666 -·

638 895 790 980 tur,
874 908 1019 965 cur
1092 877 1499 990 equestris
1573 877 1857 985 imago
1934 875 2398 985 eligeretur.

640 1049 834 1157 Qua
915 1046 994 1128 in
1079 1042 1597 1127 conficienda
1676 1041 1941 1152 pictor
2023 1040 2407 1149 exempla

639 1213 1103 1325 sigillorum
1171 1208 1702 1321 equestrium,
1780 1234 1998 1318 quae
2061 1205 2404 1316 adipisci

640 1390 987 1490 poterat,
1038 1389 1373 1459 secutus
1413 1387 1560 1456 est.
1625 1375 1788 1454 Pro
1830 1371 2145 1454 domini
2185 1370 2405 1453 feudi

639 1544 918 1654 sigillo
1002 1569 1262 1653 eques
1345 1567 1566 1651 equo
1642 1539 2014 1621 admisso
2088 1537 2406 1620 vehens

639 1711 910 1822 primo
1012 1710 1092 1790 in
1189 1706 1773 1816 Francogallia
1868 1733 1971 1788 ex
2067 1704 2404 1786 saeculo

500 1967 505 1970 ,
641 1875 1147 1959 duodecimo
1223 1874 1481 1955 moris
1564 1884 1759 1969 erat,
1845 1870 2183 1952 saeculo
2259 1869 2405 1951 de-

641 2043 859 2125 cimo
927 2052 1225 2151 quarto
1291 2051 1574 2121 autem
1650 2038 1814 2118 iam
1879 2036 2194 2146 passim
2260 2061 2409 2144 per

642 2208 1007 2290 mediam
1052 2207 1486 2315 Europam
1540 2203 1842 2285 diffusa
1883 2201 2017 2284 vel
2072 2201 2178 2283 ad
2225 2200 2408 2283 Sla-

641 2374 918 2456 vicum
993 2371 1425 2455 meridiem
1497 2380 2156 2481 permanaverat.
2274 2366 2399 2449 Si·

639 2539 840 2650 gilla
915 2539 1136 2621 enim
1201 2536 1676 2633 Tortconis,
1754 2534 1946 2616 bani
2024 2533 2408 2628 Bosniae,

638 2705 719 2787 in
785 2705 1244 2814 diplomate
1311 2702 1495 2784 Kal.
1560 2701 1813 2783 Iuniis
1871 2700 2088 2805 1367
2161 2698 2410 2780 emis-

638 2897 762 2967 50,
850 2869 1252 2980 Stephani
1331 2866 1650 2976 Ostoje‚
1736 2866 1957 2976 regis
2035 2864 2407 2961 Serbiae‚

641 3038 720 3119 in
799 3036 1140 3146 diplom.
1211 3055 1287 3140 5.
1365 3033 1543 3114 Iulii
1634 3034 1888 3135 1399,
1975 3029 2406 3140 Stephani,

640 3203 862 3313 regis
945 3201 1332 3298 Bosniae‚
1421 3199 1501 3280 in
1586 3197 1927 3308 diplom.
2018 3220 2153 3300 24.
2237 3197 2411 3278 De-

639 3368 997 3451 cembris
1085 3390 1340 3470 1419,
1426 3391 1642 3475 quae
1725 3362 2008 3444 omnia
2091 3362 2171 3443 in
2254 3361 2408 3442 im-

640 3534 922 3645 periali
965 3532 1304 3615 archivo
1338 3529 1983 3612 Vindobonensi
2027 3540 2223 3611 511111
2263 3527 2409 3609 3(1-

640 3713 992 3792 servata,
1058 3698 1215 3780 hos
1282 3697 1675 3779 dominos
1740 3695 2142 3806 praebent
2204 3721 2406 3776 con-

641 3867 889 3948 citato
978 3891 1198 3975 equo
1254 3868 1576 3945 'vectos
1661 3889 1852 3943 cum
1939 3859 2404 3969 insignibus

643 4030 1078 4141 gentiliciis
1163 4029 1600 4126 distinctiS,
1694 4026 2087 4109 decorata
2168 4025 2406 4108 hasta

644 4208 727 4277 et
807 4207 1045 4278 scuto
1130 4194 1433 4304 insigni
1518 4207 1837 4275 ornato.
1965 4191 2403 4274 Eiusmodi

645 4361 892 4472 igitur
962 4324 1236 4471 sigilla
1307 4359 1590 4442 artifici
1664 4371 1900 4441 erant
1974 4358 2405 4467 exemplo;

645 4526 797 4609 11151
872 4526 1104 4637 quod
1171 4526 1471 4607 mirum
1546 4525 1627 4606 in
1696 4525 2045 4607 modum
2112 4523 2410 4634 equitis

642 4692 1026 4775 dextrum
1110 4692 1324 4774 latus
1407 4691 1798 4802 depinxit,
1884 4719 2074 4774 cum
2150 4691 2231 4772 in
2306 4693 2405 4773 si·

642 4858 861 4967 gillis
944 4858 1367 4940 sinistrum
1447 4885 1780 4968 semper
1852 4857 2067 4940 latus
2147 4884 2410 4967 appa-

644 5036 839 5106 reat.

798 5189 915 5271 Ut
986 5201 1267 5270 autem
1343 5188 1624 5271 denuo
1699 5188 2031 5299 singula
2103 5203 2411 5299 puncta

645 5354 1005 5437 breviter
1068 5354 1654 5465 astringamuS‚
1731 5383 1833 5437 ex
1898 5354 2203 5466 quibus
2267 5355 2412 5436 ali-

645 5522 846 5631 quid
913 5521 1017 5604 de
1081 5520 1411 5603 artificis
1476 5521 1802 5631 origine
1866 5521 2135 5631 possit
2209 5548 2411 5602 enu-

645 5687 912 5784 cleari,
988 5687 1349 5798 primum
1424 5700 1753 5770 constat
1826 5714 2019 5770 eum
2094 5715 2412 5769 sermo-

648 5851 775 5933 nis
870 5851 1317 5960 indigenae
1407 5852 1767 5962 peritum
1864 5880 2033 5934 non
2130 5852 2407 5950 fuisse,
2498 5844 2503 5850 ’

648 6014 946 6098 deinde
1030 6017 1316 6099 Italam
1402 6033 1664 6100 artem
1749 6044 2152 6127 magnum
2227 6045 2411 6099 mo-

2617 892 2993 961 mentum
3067 879 3172 961 ad
3248 880 3426 963 eius
3494 881 3901 992 imagines
3965 883 4380 965 habuisse.

2617 1046 2704 1127 S.
2763 1045 3124 1156 Spiritus
3197 1046 3278 1127 in
3354 1047 3747 1129 columna
3818 1048 4198 1159 depictus
4274 1047 4380 1159 (v.

2617 1211 2755 1322 fig.
2824 1210 3010 1323 38),
3103 1240 3347 1295 arcus
3448 1215 3716 1296 forma
3793 1215 4004 1326 tergi
4087 1215 4383 1298 asinini

2618 1377 2700 1458 in
2762 1377 3049 1459 tabula
3110 1378 3582 1488 nuptiarum
3642 1379 4206 1462 Canaensium
4276 1380 4380 1491 (v.

2617 1543 2754 1653 fig.
2806 1541 2948 1653 34)
3008 1557 3091 1627 et
3146 1543 3595 1627 oblationis
3652 1545 3732 1625 in
3792 1546 4109 1655 templo
4166 1558 4386 1628 certe

2618 1710 3174 1792 Venetianam
3263 1711 3634 1820 produnt
3710 1712 3931 1809 vim3
4030 1712 4098 1793 si
4179 1739 4385 1793 vero

2619 1874 3249 1958 consideramus
3330 1876 3753 1974 artificem,
3838 1877 4071 1960 cuius
4153 1904 4386 1959 com-

2620 2040 2976 2122 moratio
3023 2042 3545 2151 Spalatensis
3600 2042 3877 2124 brevis
3930 2042 4183 2125 fuisse
4237 2070 4389 2152 pu-

2618 2205 2873 2287 tanda
2947 2233 3118 2288 non
3193 2220 3350 2305 est,
3438 2207 3533 2289 iis
3606 2207 3890 2305 rebu5‚
3975 2235 4193 2317 quae
4277 2207 4386 2289 ibi

2618 2372 2926 2454 circum
2994 2400 3187 2455 eum
3255 2386 3509 2470 erant,
3587 2372 4010 2454 incitatum
4078 2386 4388 2455 turrem

2626 2539 2805 2620 eius
2901 2539 3187 2649 oppidi
3285 2538 3689 2621 imitando
3786 2537 4204 2620 effinxisse
4308 2551 4390 2620 et

2624 2704 2934 2786 Slavici
2981 2705 3268 2814 populi
3317 2731 3642 2786 morem
3689 2704 4167 2802 illustrasse,
4224 2704 4388 2786 sin-

2620 2870 2873 2978 gulae
2929 2869 3113 2952 illae
3167 2898 3298 2953 res
3343 2870 3862 2953 Venetianae
3915 2869 4148 2951 facile
4194 2896 4390 2979 pos-

2621 3048 2818 3118 sunt
2880 3036 3266 3146 explicari
3325 3063 3600 3147 neque
3656 3063 3875 3146 opus
3933 3049 4061 3117 est
4102 3036 4389 3117 Vene-

2620 3203 2933 3284 tianam
2997 3202 3326 3285 artificis
3391 3201 3803 3312 originem
3867 3201 4262 3310 accipere.

2622 3371 2630 3380 ’
2771 3372 2991 3452 Το13
3054 3369 3479 3450 Dalmatia
3550 3368 3800 3477 plena
3864 3379 4039 3449 erat
4101 3367 4389 3448 Vene-

2618 3536 2892 3618 tianae
2982 3534 3574 3617 architecturae
3668 3546 3749 3615 et
3838 3532 4127 3614 artifex
4210 3532 4388 3641 qui-

2618 3701 2813 3782 dam
2878 3699 3179 3782 alicubi
3248 3700 3688 3795 institutus,
3766 3697 3834 3780 si
3901 3696 4211 3779 diutius
4278 3696 4387 3778 ibi

2616 3865 3225 3963 commorabat‚
3302 3864 3534 3946 facile
3606 3864 4076 3946 facultatem
4151 3862 4392 3945 adse-

2616 4032 2755 4142 qui
2802 4032 3072 4142 potuit
3114 4030 3490 4141 singulas
3519 4029 4033 4112 Venetianas
4078 4029 4389 4110 formas

2618 4196 3067 4309 effingendi
3158 4197 3410 4306 idque
3496 4223 3600 4278 eo
3689 4196 4003 4278 maiore
4089 4195 4389 4287 studi0‚

2620 4390 2794 4473 quo
2859 4362 3297 4444 alieniores
3365 4388 3552 4443 esse
3617 4361 3689 4443 ei
3756 4359 4276 4442 videbantur.

2772 4529 2866 4610 Id
2948 4540 3231 4610 autem
3317 4527 3591 4609 minus
3674 4525 3918 4608 nobis
4001 4552 4390 4636 premen-

2623 4694 2826 4777 dum
2894 4721 3082 4776 esse
3145 4694 3476 4776 videtur
3547 4693 3880 4804 singula
3943 4693 4387 4802 iconogra-

2622 4861 2885 4970 phica,
2993 4873 3086 4943 ut
3188 4860 3633 4942 trinitatem
3734 4859 4173 4968 tricipitem
4281 4859 4387 4967 (V.

2622 5027 2758 5136 fig.
2810 5024 2951 5136 40)
3021 5038 3103 5108 et
3157 5025 3644 5107 Madonnae
3704 5025 4024 5106 donum
4081 5024 4390 5133 cinguli

2626 5191 2731 5301 (v.
2780 5192 2917 5302 fig.
2969 5188 3137 5300 37),
3205 5190 3312 5272 ad
3378 5217 3510 5272 res
3567 5189 4043 5272 Florentiae
4107 5201 4389 5299 gratas

2624 5358 3137 5467 usitatasque
3220 5356 3674 5466 pertinere;
3772 5355 3922 5438 sed
4007 5383 4390 5437 momen-

2622 5534 2799 5603 tum
2891 5521 3080 5603 sacit
3162 5521 3524 5630 ideoque
3616 5520 4176 5630 praedicanda
4267 5533 4393 5602 est

2625 5687 2762 5768 illa
2845 5713 3076 5768 mera
3153 5687 3362 5768 ratio
3446 5687 3751 5781 Tusca,
3845 5712 4061 5795 quae
4151 5685 4388 5767 adhi-

2624 5853 2794 5934 bita
2858 5865 2984 5934 est
3040 5853 3119 5933 in
3177 5852 3465 5963 figuris
3523 5852 3890 5962 depictis.
3978 5851 4201 5932 Nam
4255 5851 4393 5932 illa

2623 6018 2963 6100 Ioannis
3020 6032 3196 6101 tota
3253 6018 3521 6128 figura
3586 6021 3691 6127 (v.
3742 6018 3877 6127 fig.
3921 6018 4065 6125 41)
4135 6018 4245 6099 ita
4298 6045 4390 6099 se

3907 6172 3970 6219 16
