5559 7392
2685 684 3256 750 —116—

1106 959 1319 1043 sunt,
1375 957 1773 1054 cooperta
1817 957 1966 1040 est,
2017 943 2248 1038 calix,
2304 957 2628 1053 patena,
2681 944 2870 1024 mis·

1104 1111 1278 1192 sale
1351 1111 1625 1220 posita
1698 1122 1912 1191 sunt.
2037 1111 2118 1190 Α
2192 1109 2520 1191 sinistra
2593 1137 2867 1191 sacer-

1105 1275 1262 1356 dos
1346 1302 1683 1356 summo
1767 1287 2065 1356 ornatu
2150 1301 2402 1356 orans
2478 1275 2864 1373 constitit,

1104 1468 1367 1551 prope
1421 1468 1672 1551 quem
1728 1440 2087 1551 genibus
2143 1441 2423 1523 nititur
2466 1468 2673 1549 puer
2718 1441 2869 1521 mi-

1105 1607 1462 1688 nistrans
1526 1606 1721 1688 albo
1789 1606 2292 1689 vestimento
2358 1607 2732 1688 amictus.

1259 1772 1514 1881 Quod
1572 1800 1776 1854 vero
1836 1772 2483 1883 iconographiae
2542 1800 2862 1882 respec-

1101 1951 1280 2020 tum
1376 1938 1666 2035 ducas,
1767 1951 2058 2020 notatu
2156 1938 2648 2048 dignissima
2738 1949 2866 2020 est

1102 2104 1385 2215 imago
1443 2131 1634 2214 pag.
1688 2129 1847 2186 112
1908 2104 2015 2185 ad
2077 2116 2622 2213 pentecosten
2681 2131 2867 2213 per-

1098 2269 1416 2368 tinens;
1496 2269 1576 2351 in
1653 2298 1819 2380 qua
1883 2270 2358 2381 depingitur
2431 2270 2518 2351 S.
2587 2269 2865 2350 Trini-

1101 2450 1229 2519 tas
1297 2437 1402 2547 (v.
1451 2437 1588 2547 fig.
1640 2435 1808 2547 38),
1887 2438 2120 2518 cuius
2193 2436 2673 2546 analogiam
2739 2436 2863 2516 in-

1098 2597 1485 2684 venimus
1594 2602 1907 2684 nullam
2014 2629 2287 2712 neque
2399 2603 2482 2683 in
2588 2602 2867 2683 Italica

1102 2795 1373 2878 neque
1458 2769 1537 2849 in
1614 2768 2228 2850 ultramontana
2309 2780 2504 2849 arte.
2621 2768 2866 2849 Pater

1101 2934 1312 3016 deus
1378 2947 1458 3016 et
1523 2934 1740 3016 filius
1807 2934 2015 3016 deus
2080 2961 2440 3043 quorum
2507 2934 2643 3015 ille
2708 2961 2865 3013 vo-

958 3171 973 3184 .
1099 3100 1405 3196 lumen,
1499 3100 1629 3182 hic
1719 3099 2092 3182 codicem
2186 3101 2420 3210 gerit,
2516 3112 2864 3210 uterque

1099 3267 1323 3347 flavo
1390 3266 1690 3375 capillo
1766 3279 1848 3348 et
1912 3266 2317 3363 iuveniliS,
2395 3266 2583 3348 licet
2655 3265 2863 3375 patri

1100 3431 1415 3541 lanugo
1473 3431 1597 3529 sit,
1656 3431 2137 3513 columnam
2196 3431 2582 3513 manibus
2636 3458 2865 3513 com-

1101 3597 1754 3708 prehenderunt,
1849 3598 2083 3682 cuius
2178 3598 2258 3679 in
2344 3598 2512 3680 lato
2597 3598 2863 3680 abaco

1101 3764 1187 3845 S.
1246 3765 1606 3874 Spiritus
1671 3765 1940 3846 forma
2013 3764 2457 3846 columbae
2524 3765 2864 3847 indutus

1101 3930 1362 4012 sedet.
1485 3929 1786 4011 Nubes
1859 3930 2138 4012 radios
2214 3932 2291 4013 in
2369 3931 2582 4013 hanc
2655 3931 2863 4013 deo-

1100 4123 1284 4177 rum
1358 4095 1688 4180 turbam
1765 4097 2136 4194 effundit,
2221 4098 2303 4179 id
2378 4097 2608 4207 quod
2683 4099 2865 4208 opi-

1034 4303 1051 4322 ·
1105 4263 1354 4343 nione
1420 4262 1627 4344 falsa
1690 4263 2005 4345 accidit.
2123 4264 2342 4344 Nam
2410 4264 2637 4362 radii,
2724 4264 2864 4374 qui

1107 4429 1473 4537 desuper
1527 4430 1897 4526 veniunt,
1957 4456 2147 4510 cum
2205 4456 2472 4539 usque
2530 4456 2864 4539 quaque

1104 4594 1752 4676 descensionem
1827 4595 2160 4677 divinae
2242 4595 2559 4705 gratiae
2636 4623 2865 4704 sym-

1104 4760 1373 4842 bolice
1449 4761 1916 4871 significare
1991 4761 2342 4859 soleant,
2430 4760 2559 4843 hic
2631 4762 2865 4871 inep-

1102 4927 1427 5009 tissimo
1531 4928 1791 5009 modo
1890 4927 1997 5009 ad
2100 4928 2538 5039 largitores
2633 4928 2866 5038 ipsos

1102 5093 1685 5203 procumbunt.
1816 5094 1991 5175 Sed
2090 5094 2541 5204 quaeritur,
2640 5094 2865 5175 unde

1104 5261 1242 5342 illa
1338 5260 1816 5344 mirabiliter
1914 5261 2279 5370 perfecta
2374 5260 2866 5343 architecto-

1106 5426 1287 5508 nica
1360 5429 1754 5509 columna
1826 5428 2302 5510 substructa
2374 5428 2663 5510 tertiae
2740 5428 2864 5509 di-

1102 5593 1347 5674 vinae
1430 5621 1847 5704 personae
1928 5595 2375 5705 desumpta
2455 5595 2579 5677 sit.
2689 5595 2867 5676 Ne-

1103 5787 1289 5869 que⁸
1326 5787 1638 5869 magno
1700 5761 2045 5870 negotio
2100 5760 2616 5871 respondere
2673 5773 2863 5869 pot-

1103 5939 1251 6020 est,
1335 5927 1473 6037 qui
1552 5954 1955 6036 umquam
2022 5929 2100 6008 V
2109 5927 2401 6008 enetiis
2481 5938 2866 6007 versatus

1104 6107 1186 6176 et
1240 6093 1318 6174 in
1375 6093 1679 6174 finibus
1734 6092 2166 6203 quondam
2223 6094 2308 6173 S.
2362 6092 2619 6173 Marci
2674 6119 2870 6202 pro-

3080 942 3341 1024 fectus
3389 954 3535 1024 est.
3616 941 4149 1050 Ubicumque
4206 940 4428 1022 enim
4485 941 4570 1023 S.
4620 942 4844 1021 Mar-

3076 1135 3223 1189 cus
3312 1106 3930 1203 dominabatur,
4017 1106 4357 1201 animal,
4453 1106 4685 1216 quod
4768 1106 4840 1186 ei

3079 1272 3274 1353 addi
3321 1271 3669 1368 solebat,
3727 1273 4062 1353 leonem
4113 1272 4322 1368 dico,
4379 1272 4514 1353 vel
4562 1272 4841 1382 potius

3080 1438 3546 1520 secundum
3651 1439 4070 1547 publicam
4171 1439 4839 1521 Venetianorum

3079 1604 3654 1715 cognitionem
3721 1605 3810 1686 S.
3862 1606 4199 1688 Marcus
4267 1605 4445 1715 ipse
4514 1605 4593 1686 in
4652 1631 4840 1713 per-

3079 1799 3293 1853 sona
3365 1771 3635 1853 leonis
3711 1772 3790 1852 in
3865 1771 4032 1853 alta
4110 1772 4504 1853 columna
4576 1798 4843 1881 pone-

3077 1935 3339 2033 batur,
3435 1964 3651 2046 quae
3743 1964 3846 2018 ex
3938 1938 4392 2046 exemplari
4488 1938 4566 2019 in
4657 1938 4841 2019 foro

3077 2103 3569 2200 Venetiano,
3638 2103 3870 2213 quod
3933 2104 4199 2212 vulgo
4264 2104 4627 2187 Piazetta
4689 2132 4846 2187 vo-

3078 2282 3335 2366 catur,
3432 2270 3888 2352 constituto
3991 2270 4306 2351 maiore
4410 2270 4842 2352 minoreve

3078 2435 3535 2519 imitatione
3619 2463 4019 2545 expressa
4100 2449 4247 2518 est.
4367 2436 4565 2542 Quo
4646 2464 4846 2519 con-

3077 2615 3365 2713 spectu
3480 2616 3870 2684 assuetus
3976 2603 4264 2684 artifex
4384 2602 4545 2684 hoc
4651 2603 4840 2685 loco

3077 2767 3555 2850 columbam
3622 2769 3703 2849 in
3764 2767 4007 2850 simili
4073 2769 4468 2850 columna
4533 2770 4838 2861 statuit,

3077 2934 3310 3015 cuius
3406 2933 3737 3044 capituli
3835 2934 4477 3017 conformationi
4553 2936 4841 3017 Vene-

3075 3101 3297 3181 tiana
3362 3100 3755 3181 columna
3820 3101 4211 3210 exemplo
4277 3101 4443 3183 fuit.

3225 3266 3783 3348 Simulacrum
3829 3293 4019 3377 pag.
4060 3270 4221 3371 139
4254 3297 4308 3348 v
4361 3268 4660 3349 Italum
4713 3282 4840 3376 ty-

3075 3459 3276 3542 pum
3322 3432 3715 3514 usitatum
3760 3432 4043 3515 reddit.
4114 3433 4575 3514 Crucifixus
4621 3434 4842 3515 enim

3076 3610 3205 3679 est
3278 3598 3488 3680 inter
3553 3599 3906 3681 Mariam
3973 3612 4055 3681 et
4119 3601 4584 3698 Ioannem„
4626 3628 4840 3711 quo-

3076 3791 3259 3846 rum
3327 3765 3463 3846 illa
3527 3765 3821 3847 oculos
3887 3766 4248 3848 attolens
4315 3765 4649 3848 brachia
4704 3794 4842 3850 su-

3075 3957 3224 4039 per
3286 3943 3572 4040 pectas
3643 3931 4108 4029 decussata,
4186 3932 4316 4014 hic
4378 3959 4690 4043 genam
4756 3933 4837 4014 in

3078 4098 3454 4180 dextram
3522 4097 3773 4179 habet
3834 4097 4228 4180 abditam.
4332 4098 4574 4206 Quae
4634 4125 4838 4180 vero

3079 4265 3158 4345 in
3228 4263 3545 4374 pictura
3609 4264 4037 4360 recedunt,
4115 4276 4205 4345 ut
4277 4260 4486 4345 alibi
4537 4264 4647 4345 ita
4710 4263 4840 4345 hic

3079 4456 3419 4538 quoque
3523 4456 3854 4510 murum
3951 4456 4142 4512 cum
4238 4429 4513 4539 pinnis
4609 4428 4839 4511 exhi-

3080 4595 3302 4677 bent

3233 4762 3574 4844 Oblatio
3640 4762 3719 4843 in
3786 4762 4103 4872 templo
4169 4789 4356 4872 pag.
4419 4783 4599 4868 155,
4667 4789 4838 4872 quo

3079 4941 3273 5010 ante
3370 4928 3654 5038 templi
3751 4928 4007 5010 altare
4107 4928 4377 5037 Virgo
4472 4926 4839 5037 Iosepho

3080 5095 3530 5176 comitante
3628 5062 4022 5175 infantem
4121 5093 4302 5190 fert,
4411 5115 4665 5202 quem
4760 5093 4840 5173 in

3081 5259 3507 5341 Simeonis
3608 5259 4130 5341 vaticinantis
4233 5258 4586 5340 brachiis
4693 5285 4843 5368 po-

3082 5426 3199 5508 nit
3280 5425 3774 5536 prophetide
3857 5428 4110 5507 Anna
4190 5426 4597 5521 adstante,
4692 5426 4841 5507 ali-

3081 5592 3283 5702 quid
3366 5591 3957 5673 architecturae
4042 5604 4461 5673 extremae
4547 5591 4843 5700 imagi-

3081 5758 3208 5840 nis
3309 5757 3654 5867 praebet
3753 5757 4203 5867 proprium.
4342 5756 4843 5852 Aedificium

3081 5925 3383 6035 regale,
3453 5924 3678 6035 quod
3749 5924 4079 6006 sinistra
4140 5938 4371 6033 parte
4434 5923 4845 6034 conspici-

3078 6104 3229 6186 tur,
3300 6119 3552 6201 supra
3615 6089 3909 6172 ambas
3969 6090 4374 6171 maximas
4437 6090 4841 6172 fenestras
