5559 7392
2269 693 2831 760 „117-

681 934 1163 1017 intestinum
1266 962 1482 1045 opus
1581 963 1822 1018 arcus
1924 937 2007 1019 in
2106 952 2441 1021 acutum

682 1071 1137 1183 desinentis
1194 1102 1583 1198 continet,
1645 1101 1877 1184 cuius
1935 1103 2204 1207 forma
2258 1132 2443 1214 per-

682 1280 990 1376 vagata
1063 1267 1535 1349 Venetiana
1619 1282 1745 1351 est
1824 1270 2035 1380 tergi
2118 1271 2437 1351 asinini.

830 1433 1103 1513 Parva
1173 1432 1490 1542 pictura
1549 1435 1928 1543 Virginis
1994 1436 2441 1518 nativitatis

680 1626 869 1709 pag.
934 1621 1095 1704 179
1150 1628 1206 1680 v
1292 1598 1484 1680 nihil
1570 1599 1793 1681 aliud
1877 1613 2005 1682 est
2086 1600 2240 1682 nisi
2315 1602 2439 1682 in-

678 1766 882 1847 scita
998 1765 1344 1847 imitatio
1462 1792 1747 1847 earum
1864 1794 2436 1875 personarum,

679 1959 893 2041 quae
960 1959 1061 2012 ex
1126 1932 1402 2041 typica
1456 1894 1925 2042 depictione
1992 1933 2439 2016 nativitatis

682 2098 983 2179 Christi
1054 2098 1217 2179 huc
1287 2111 1674 2208 poterant
1743 2098 2184 2181 transferri.
2286 2100 2441 2181 Sat

677 2265 1044 2347 notabile
1111 2277 1237 2347 est
1301 2276 1382 2346 et
1444 2263 1891 2375 singulare,
1960 2265 2189 2375 quod
2246 2266 2438 2347 arti-

675 2430 807 2511 fex
870 2458 921 2511 a
983 2430 1336 2511 vinculis
1404 2430 1901 2540 exemplaris
1975 2431 2102 2512 sui
2178 2458 2270 2512 se
2343 2432 2437 2513 li-

674 2595 964 2678 berare
1059 2596 1168 2679 ita
1259 2624 1430 2679 non
1513 2598 1802 2707 potuit,
1898 2610 1990 2679 ut
2063 2596 2437 2707 Virginis

673 2789 932 2845 cunas
1004 2776 1094 2845 ut
1167 2790 1574 2872 praesepe
1650 2763 2147 2873 depingeret
2224 2777 2435 2846 stra-

675 2942 1132 3040 mentoque
1196 2930 1675 3040 compleret.

824 3098 917 3177 In
1002 3097 1313 3178 Beatae
1380 3096 1753 3206 Virginis
1834 3096 2436 3206 assumptionis

674 3263 988 3373 pictura
1052 3288 1239 3373 pag.
1293 3263 1456 3369 176
1522 3262 1627 3374 (v,
1676 3262 1812 3372 fig.
1864 3260 2006 3372 37)
2074 3289 2251 3344 rem
2319 3264 2437 3344 vi-

674 3429 974 3510 demus
1050 3428 1500 3538 insignem,
1578 3454 1795 3539 quae
1870 3428 2433 3511 narrationem

673 3596 1084 3706 euangelii
1170 3595 1509 3677 excedit.
1620 3596 1929 3678 Sancta
2002 3571 2273 3706 Virgo
2351 3596 2431 3676 in

670 3788 865 3842 arcu
919 3761 1229 3843 caelisti
1284 3760 1589 3842 sedens
1644 3734 1856 3843 intra
1908 3760 2270 3869 clipeum
2323 3761 2432 3842 ab

670 3927 1017 4036 angelis,
1086 3949 1449 4037 quorum
1512 3928 1782 4037 capita
1845 3939 2170 4009 tantum
2236 3954 2430 4009 ocu·

670 4093 767 4174 lis
864 4106 1339 4191 cernuntur,
1443 4093 2134 4175 circumvolatum
2227 4121 2431 4203 apo-

670 4260 889 4341 stolo
957 4259 1295 4341 iuvenili
1348 4258 1735 4340 Thomae
1802 4259 2009 4340 infra
2071 4259 2432 4370 genibus

670 4426 863 4508 nixo
930 4426 1357 4536 cingulum
1423 4452 1670 4508 suum
1736 4425 1999 4523 deicit,
2068 4439 2158 4508 ut
2214 4452 2434 4506 sem-

669 4621 817 4703 per
881 4592 1287 4674 dubitanti
1353 4592 1458 4674 de
1524 4620 1679 4674 sua
1754 4592 1834 4673 in
1902 4591 2228 4673 caelum
2294 4619 2430 4673 as-

666 4760 1065 4841 censione
1130 4786 1218 4841 re
1282 4787 1483 4840 vera
1548 4759 1842 4840 effecta
1906 4757 2427 4867 persuadeat.

666 4927 961 5035 Imago
1028 4926 1209 5034 ipsa
1272 4952 1499 5021 vero,
1570 4939 1661 5007 ut
1724 4952 1827 5006 ex
1892 4937 2181 5006 nostro
2249 4924 2430 5005 imi-

665 5103 1038 5173 tamento
1096 5117 1591 5200 cognoscaS,
1657 5090 1908 5200 paulo
1966 5090 2432 5199 corruptior

668 5269 814 5338 est.
911 5256 1167 5363 Quod
1222 5257 1530 5366 cinguli
1589 5284 1894 5337 munus
1950 5256 2139 5338 licet
2189 5283 2430 5365 grae-

665 5450 761 5505 ca
823 5451 959 5504 ars
1025 5423 1429 5504 inferioris
1488 5422 1781 5505 aetatis
1846 5422 2198 5504 fortasse
2263 5422 2426 5503 iam

664 5603 754 5672 ut
820 5591 901 5671 in
967 5590 1145 5671 aliis
1212 5589 1464 5671 rebus
1539 5589 1649 5671 ita
1715 5588 1963 5670 etiam
2033 5587 2162 5669 hic
2227 5589 2428 5670 Itala

662 5757 1058 5839 adiutrice
1135 5758 1383 5838 ducta
1446 5756 1870 5864 receperit,
1946 5768 2229 5836 tamen
2302 5767 2424 5836 te-

664 5924 1037 6005 nendum
1102 5936 1229 6005 est
1292 5950 1469 6004 rem
1537 5949 1724 6003 esse
1790 5948 2137 6031 prorsus
2202 5921 2424 6001 Tus-

663 6115 867 6186 cam,
954 6116 1144 6171 cum
1222 6089 1302 6169 in
1386 6088 1598 6170 aede
1682 6086 2131 6169 cathedrali
2204 6087 2423 6168 Prati

2655 937 3084 1048 cingulum
3170 950 3262 1018 ut
3333 964 3715 1019 summae
3790 939 4184 1049 reliquiae
4268 939 4417 1020 ad-

2655 1116 3055 1201 servetur,
3116 1104 3197 1184 in
3254 1104 3567 1185 Tuscia
3620 1105 4034 1187 excultam
4093 1118 4175 1187 et
4232 1133 4416 1186 sae-

2654 1270 2858 1351 culis
2942 1270 3271 1351 decimo
3347 1284 3644 1379 quarto
3723 1271 4186 1380 quintoque
4271 1271 4418 1352 ite-

2654 1464 2838 1517 rum
2902 1463 3001 1517 ac
3062 1436 3398 1546 saepius
3463 1437 3789 1546 pictam.

2803 1603 3006 1711 Pag.
3061 1628 3218 1684 211
3290 1603 3585 1684 iterum
3652 1603 4069 1684 invenitur
4132 1603 4415 1712 imago

2653 1769 2810 1850 SS.
2857 1769 3308 1866 Trinitatis,
3366 1769 3515 1850 sed
3569 1769 3699 1851 hic
3754 1769 4217 1850 secundum
4274 1768 4417 1850 ali-

2651 1934 2765 2016 ud
2820 1934 3159 2016 schema
3218 1935 3320 2045 (V.
3370 1936 3506 2045 fig.
3557 1932 3723 2044 40).
3824 1935 4212 2044 Depictio
4268 1963 4416 2016 au-

2650 2115 2817 2184 tem
2875 2128 3127 2210 quam
3193 2102 3696 2209 praebemus
3763 2101 4102 2183 remittit
4167 2100 4413 2182 nobis

2651 2267 3236 2348 necessitatem
3292 2266 3839 2348 describendi.
3941 2267 4097 2349 SS.
4145 2266 4415 2347 Trini-

2650 2446 2776 2515 tas
2842 2433 3142 2543 triceps
3202 2433 3336 2514 vel
3393 2445 3483 2514 ut
3537 2433 3786 2514 etiam
3844 2433 4217 2543 appelles
4272 2432 4414 2513 tri-

2648 2598 2879 2680 frons
2949 2599 3343 2696 Graecae,
3403 2598 3680 2696 Italae,
3744 2599 4412 2680 ultramontanae

2648 2766 2799 2846 arti
2865 2765 3336 2846 communis
3402 2764 3754 2845 concilio
3822 2763 4166 2845 demum
4230 2764 4414 2844 Tri-

2648 2931 2992 3013 dentino
3059 2930 3137 3010 in
3198 2957 3356 3011 usu
3416 2929 3816 3010 ecclesiae
3875 2928 4411 3010 occidentalis

2650 3123 2841 3178 esse
2916 3096 3173 3178 vetita
3246 3109 3393 3192 est,
3472 3122 3662 3177 cum
3737 3095 3819 3176 in
3888 3096 4212 3176 Graeca
4275 3121 4409 3176 ec-

2648 3263 2901 3345 clesia
2964 3290 3216 3371 porro
3282 3262 3623 3360 valeret,
3702 3262 3911 3344 sicut
3950 3255 4055 3342 'in
4122 3260 4409 3343 Serbi-

2648 3429 2763 3510 cis
2843 3439 2925 3509 et
3000 3427 3463 3538 Bulgaricis
3546 3427 4130 3536 manuscriptis
4206 3427 4411 3508 infe-

2645 3594 2886 3675 rioris
2977 3594 3272 3675 aetatis
3364 3592 3701 3702 reperiri
3783 3605 4065 3701 potest
4158 3605 4410 3702 atque

2646 3761 2920 3856 etiam,
3006 3760 3087 3840 id
3174 3759 3406 3868 quod
3479 3759 3585 3840 V.
3662 3759 3767 3839 D.
3846 3756 4227 3839 Roberto
4305 3757 4411 3839 de

2643 3926 3108 4009 Schneider
3170 3953 3502 4008 mecum
3555 3925 4205 4008 communicanti
4263 3925 4409 4005 de-

2646 4060 2857 4191 beo,
2904 4092 2983 4173 in
3047 4092 3519 4175 Dalmatiae
3576 4092 3834 4202 ipsius
3895 4091 4409 4172 monasterio

2646 4259 3189 4369 Archangelo
3263 4259 3370 4341 ad
3437 4258 3818 4368 Kistanje
3894 4258 4053 4339 sito
4128 4257 4409 4368 proxi-

2646 4427 2804 4508 mis
2926 4426 3282 4508 saeculis
3406 4425 3731 4535 sculpta
3852 4423 4404 4535 repetebatur.

2646 4592 2888 4700 Quae
2943 4592 3309 4674 Trinitas
3366 4592 3691 4702 triceps,
3756 4618 4269 4701 quamquam
4327 4589 4407 4671 in

2642 4759 3006 4841 basilicis
3133 4757 3771 4867 Francogalliae
3900 4756 4407 4838 meridianae

2642 4925 2867 5007 haud
2949 4943 3133 5006 rara
3215 4924 3362 5005 fuit
3436 4923 3809 5020 inventu,
3895 4934 4176 5004 tamen
4259 4922 4407 5003 im-

2641 5091 2928 5201 primis
2995 5091 3472 5172 Florentiae
3540 5103 3716 5172 erat
3779 5103 4118 5199 accepta
4180 5116 4407 5170 ama-

2640 5257 3028 5367 bilisque,
3135 5257 3274 5338 ubi
3387 5283 3558 5337 non
3671 5256 3948 5337 solum
4049 5255 4405 5337 saeculis

2640 5424 2968 5506 decimo
3038 5437 3359 5533 quarto
3453 5435 3536 5504 et
3626 5423 3917 5533 quinto
4011 5421 4404 5531 frequens

2638 5589 3113 5700 fingebatur
3195 5602 3279 5671 et
3361 5588 3917 5699 sculpebatur,
4012 5587 4164 5670 sed
4255 5615 4404 5698 po-

2638 5755 3127 5837 sterioribus
3185 5756 3435 5838 etiam
3488 5754 4009 5864 temporibus
4064 5782 4114 5835 a
4157 5754 4402 5836 fratre

2637 5921 3239 6019 Bartollome0‚
3317 5921 3424 6003 ab
3498 5920 3849 6003 Andrea
3924 5920 4059 6002 del
4126 5921 4398 6015 SartO,

2636 6116 2687 6169 a
2780 6087 3201 6168 Bronzino
3300 6086 3853 6197 repetebatur,
3948 6099 4399 6195 postquam
