5559 7392
2707 698 3219 764 -88-

1080 961 1276 1040 anni
1345 961 1565 1041 1380
1643 960 1722 1039 in
1790 958 2184 1040 chronico
2251 958 2846 1067 Limburgensi

1081 1124 1243 1206 hoc
1306 1124 1568 1206 habes
1636 1136 2057 1205 notatum:
2125 1136 2323 1205 tunc
2368 1150 2581 1204 :mos
2647 1136 2843 1220 erat,

1084 1304 1173 1373 ut
1239 1318 1512 1401 neque
1568 1291 1995 1372 cincinnos
2055 1318 2329 1400 neque
2396 1290 2652 1371 cirros
2711 1317 2848 1370 63-

1087 1456 1286 1565 pillo
1352 1456 1740 1566 alligatos
1806 1469 2217 1565 gererent,
2287 1455 2436 1537 sed
2503 1455 2844 1550 domini,

1088 1624 1434 1733 equites,
1506 1622 1790 1705 famuli
1847 1622 2207 1703 crinibus
2262 1621 2658 1731 praecisis
2715 1621 2850 1702 vel

1088 1789 1314 1870 cirris
1409 1803 1499 1870 ut
1594 1788 1978 1870 dicuntur
2073 1789 2310 1870 flexis
2407 1787 2857 1869 utebantur

1090 1981 1341 2065 super
1442 1982 1689 2036 aures
1792 1953 2125 2062 tonsis)
2259 1956 2424 2035 Pro
2529 1953 2854 2035 casside

1090 2119 1840 2201 rubro-candidum
1916 2120 2327 2229 capellum
2392 2119 2710 2229 agraffa
2776 2131 2858 2200 et

1092 2285 1354 2367 tribus
1449 2285 1751 2367 ardeae
1846 2286 2143 2395 pennis
2238 2298 2624 2367 ornatum
2708 2312 2856 2395 ge·

1095 2451 1212 2532 rit.
1342 2449 1797 2561 (Chapelus
1904 2451 2039 2532 vel
2158 2451 2428 2559 prisca
2533 2449 2856 2530 franco-

1091 2615 1392 2724 gallica
1481 2616 1768 2724 lingua
1860 2615 2173 2725 chapel,
2269 2616 2549 2697 medio
2640 2643 2856 2696 aevo

1093 2781 1381 2889 capitis
1454 2793 2033 2891 tegumentum
2112 2796 2286 2863 erat
2356 2782 2552 2863 viris
2625 2781 2857 2863 femi-

1097 2946 1390 3055 nisque
1472 2961 1927 3056 acceptum,
2023 2946 2252 3056 quod
2347 2948 2426 3028 in
2509 2946 2858 3029 modum

1096 3139 1458 3194 coronae
1523 3111 1659 3194 vel
1725 3112 1981 3193 tiarae
2048 3139 2151 3193 ex
2209 3112 2537 3194 duabus
2597 3126 2860 3195 mate-

1098 3278 1234 3359 riis
1319 3278 1876 3360 discoloribus
1952 3278 2258 3360 factum
2335 3278 2558 3387 apud
2636 3277 2860 3358 ordi-

1096 3470 1245 3525 nes
1301 3443 1639 3524 maioris
1692 3443 2116 3552 dignitatis
2164 3439 2481 3553 agraffa
2526 3456 2607 3525 et
2652 3471 2858 3553 pen-

1097 3608 1223 3689 nis
1290 3622 1676 3690 ornatum
1742 3606 1968 3718 erat.)

1248 3774 1591 3854 Thorax
1683 3774 1859 3883 ipse
1951 3800 2461 3884 quamquam
2545 3774 2862 3884 praeci·

1095 3939 1283 4049 puis
1358 3952 1552 4048 eget
1627 3939 1868 4035 notis,
1944 3953 2224 4021 tamen
2293 3940 2609 4050 optime
2677 3965 2863 4019 mo-

1100 4131 1274 4185 rem
1401 4104 1874 4202 loricarum,
2006 4104 2275 4215 qualis
2399 4105 2862 4214 posteriore

1097 4283 1329 4378 parte
1409 4270 1716 4351 saeculi
1800 4291 2004 4355 XIV.
2073 4271 2330 4365 fuerit,
2417 4271 2862 4382 significat;

1099 4461 1294 4515 nam
1380 4435 1515 4515 illa
1600 4448 1775 4517 erat
1865 4449 2118 4533 aetas,
2213 4464 2379 4545 qua
2468 4436 2863 4518 transitus

1099 4599 1245 4680 fuit
1345 4600 1454 4681 ad
1549 4601 2005 4710 perfectum
2102 4601 2527 4682 thoracem
2624 4600 2862 4682 lami-

1100 4792 1403 4846 nosum
1502 4766 2013 4876 insequentis
2104 4766 2433 4847 saeculi.
2562 4766 2863 4876 Neque

1099 4929 1228 5010 hic
1293 4929 1673 5013 diversae
1748 4931 2107 5013 thoracis
2170 4944 2448 5040 partes
2511 4944 2861 5040 excepto

1100 5093 1487 5176 brachiali
1540 5097 1970 5205 superiore
2018 5096 2225 5178 inter
2278 5124 2369 5178 se
2423 5110 2617 5178 sunt
2660 5124 2862 5177 con-

1100 5259 1454 5354 iunctae,
1556 5260 1705 5342 sed
1809 5260 2189 5371 singulae
2290 5261 2565 5343 fibulis
2666 5262 2863 5345 sub-

1101 5452 1363 5506 nexae
1407 5426 1541 5507 vel
1590 5426 1872 5536 haspis
1917 5427 2024 5508 ad
2071 5454 2376 5536 corpus
2421 5427 2862 5509 adstrictae

1099 5605 1314 5673 sunt.

1251 5760 1339 5839 In
1398 5758 1811 5840 heraldica
1857 5759 2197 5869 chapeli,
2256 5759 2560 5869 quibus
2613 5758 2860 5840 etiam

1102 5950 1410 6004 nomen
1515 5923 1815 6006 fasciae
1910 5925 2336 6006 turbineae
2434 5921 2862 6033 (,‚Bund“)

1102 6102 1248 6184 est,
1337 6102 1426 6170 ut
1507 6116 1870 6169 coronae
1965 6089 2295 6171 foliatae
2384 6102 2528 6170 aut
2616 6101 2859 6198 tegu-

1472 6419 1497 6450 1

3064 971 3345 1039 menta
3399 957 3734 1066 propria
3779 957 4166 1067 (insignia
4212 956 4585 1068 cassidis)
4641 972 4835 1041 sunt

3063 1135 3206 1204 aut
3278 1123 3730 1233 ligamenta
3802 1124 4264 1232 tegumenti
4331 1124 4411 1204 in
4488 1124 4833 1206 cassidis

3064 1289 3370 1370 vertice
3438 1316 3761 1370 necnon
3832 1289 4162 1371 inferior
4218 1317 4514 1400 margo
4582 1290 4832 1371 cime-

3066 1454 3180 1550 rii,
3263 1454 3343 1535 id
3420 1455 3651 1564 quod
3727 1455 3805 1535 in
3887 1455 4209 1536 casside
4276 1455 4558 1536 clausa
4623 1456 4836 1536 Her-

3067 1619 3311 1700 voiae
3387 1646 3814 1701 armorum
3889 1647 4227 1702 cernere
4311 1620 4518 1701 licet.
4616 1623 4835 1703 Sunt

3057 1798 3349 1866 autem
3427 1785 3506 1865 in
3583 1785 4047 1895 insignibus
4124 1813 4410 1868 earum
4497 1786 4834 1895 potissi—

3069 1979 3300 2032 mum
3374 1951 3746 2060 gentium
3825 1979 3981 2033 usu
4059 1953 4383 2060 recepti,
4463 1979 4677 2062 quae
4753 1953 4830 2033 in

3072 2116 3495 2198 Dalmatia
3588 2130 3669 2198 et
3761 2116 3840 2197 in
3936 2116 4303 2198 Hadriae
4402 2118 4640 2199 litore
4727 2118 4833 2199 ad

3071 2282 3476 2363 orientem
3542 2295 3944 2392 vergente
4009 2282 4441 2365 florebant.

3210 2448 3532 2529 Omnes
3576 2475 3783 2529 vero
3830 2447 4203 2557 corporis
4247 2462 4545 2558 parteS,
4594 2476 4831 2559 quae,

3072 2640 3261 2694 cum
3309 2626 3777 2710 moventur,
3827 2613 4403 2695 extensionem
4447 2614 4581 2694 vel
4630 2642 4833 2695 con-

3071 2778 3562 2860 tractionem
3660 2778 4231 2860 musculorum
4338 2779 4831 2876 desiderant,

3074 2957 3164 3025 ut
3225 2943 3558 3040 collum,
3627 2957 3938 3041 venter,
4009 2944 4537 3026 brachiorum
4604 2972 4835 3025 com-

3074 3108 3430 3190 missura
3528 3136 3810 3219 genua
3907 3110 4154 3191 etiam
4257 3109 4509 3192 lorica
4612 3124 4833 3192 cata-

3074 3273 3410 3383 phracta
3483 3301 3574 3356 se
3649 3274 3880 3355 facile
3962 3275 4429 3385 applicante
4503 3290 4835 3358 contec-

3072 3453 3205 3521 tae
3270 3452 3486 3538 sunt,
3564 3440 3813 3521 cubiti
3879 3440 4310 3523 tuberibus
4375 3468 4565 3523 cum
4631 3469 4835 3523 con—

3073 3604 3247 3686 chis
3300 3632 3551 3714 super
3612 3606 3952 3688 thorace
4019 3607 4440 3704 subnexis,
4508 3636 4832 3690 necnon

3073 3770 3426 3879 patellae
3513 3785 3594 3853 et
3676 3772 4035 3881 poplites
4127 3773 4323 3854 item
4405 3773 4835 3856 tuberibus

3074 3962 3264 4016 cum
3372 3936 3711 4018 conchis
3823 3951 4219 4046 cooperta
4317 3943 4530 4021 suntj
4657 3940 4837 4022 Hu-

3076 4101 3277 4182 meri
3353 4102 3763 4211 impositis
3838 4103 4182 4185 orbibus
4257 4104 4552 4186 firmati
4617 4119 4832 4186 sunt.

3074 4267 3469 4349 Anterior
3522 4266 3828 4377 pedum
3888 4296 4079 4377 pars
4134 4268 4426 4351 bracas
4484 4270 4832 4377 (Pruech

3072 4433 3671 4514 vestimentum
3749 4445 3877 4514 est
3949 4434 4192 4515 huius
4266 4435 4560 4516 aetatis
4642 4463 4836 4544 pro-

3073 4597 3367 4706 prium,
3447 4598 3676 4707 quod
3745 4626 3846 4681 ex
3911 4624 4078 4680 una
4141 4600 4304 4681 tela
4367 4600 4834 4682 confectum

3074 4788 3261 4844 crus
3335 4764 3808 4873 pedemque
3882 4763 4246 4874 velabat)
4325 4766 4402 4845 in
4482 4765 4836 4848 sormam

3072 4927 3373 5009 tibialis
3439 4927 3914 5011 desinentes
3978 4931 4368 5039 praebet;
4447 4959 4685 5040 quae,
4768 4932 4837 5013 si

3074 5120 3333 5202 eques
3386 5106 3610 5175 totus
3666 5108 3840 5176 erat
3892 5109 4282 5194 armatuS,
4337 5109 4480 5178 aut
4538 5098 4835 5178 calceis

3073 5259 3548 5367 squamosis
3659 5261 3795 5341 vel
3920 5261 4203 5344 ferreis
4316 5262 4831 5345 velabantur.

3073 5423 3248 5506 Sed
3340 5440 3830 5535 squamatos
3913 5427 4166 5509 fuisse
4249 5428 4578 5511 calceos
4661 5431 4836 5511 veri

3075 5601 3203 5670 est
3282 5590 3653 5689 similius,
3742 5593 4228 5702 praesertim
4314 5621 4502 5675 cum
4588 5596 4836 5677 etiam

3075 5752 3305 5864 digiti
3394 5755 4047 5865 digitabulorum
4128 5759 4564 5868 squamosi
4651 5759 4834 5842 sint.

3073 5918 3362 6001 Aurea
3453 5921 3798 6003 calcaria
3889 5923 4184 6005 rotalia
4273 5951 4526 6033 super
4604 5952 4835 6006 sum-

3074 6116 3306 6170 mum
3372 6087 3675 6197 pedem
3740 6088 4078 6198 alligata
4142 6102 4354 6170 sunt.

5522 6982 5531 7195 ——-.-..-
5520 6858 5531 6963 ——-
