5559 7392
1173 1008 1424 1080 nemo
1497 980 1908 1090 particeps
1983 981 2234 1063 fieret.
2324 979 2476 1088 (Cf.

1170 1145 1416 1226 Arch.
1499 1144 1657 1226 aul.
1747 1146 2046 1227 Vienn.
2133 1145 2480 1227 Reichs-

1167 1338 1338 1420 reg.
1398 1311 1493 1391 E.
1562 1338 1751 1420 pag.
1813 1334 2008 1408 201,
2085 1311 2176 1394 F.
2244 1311 2358 1391 83
2398 1338 2477 1407 v,

1168 1477 1223 1557 I.
1288 1477 1402 1581 53
1438 1474 1546 1585 v.)
1617 1475 1948 1557 Deinde
2014 1475 2249 1557 sicuti
2317 1474 2478 1556 iarn

1170 1641 1683 1722 mentionem
1758 1640 2125 1738 fecimuS,
2211 1640 2480 1749 Sigis-

1463 1856 1478 1871 .
1601 1807 1966 1888 mundus
2011 1806 2260 1888 etiam
2296 1807 2480 1887 Du-

1596 1985 1869 2054 catum
1903 1970 2478 2081 Spalatensem

1598 2138 1670 2218 ei
1712 2137 2256 2219 confirmavit.
2326 2138 2482 2218 Ita-

1487 2350 1489 2355 ·
1596 2330 1760 2414 que
1793 2304 2152 2384 maxime
2193 2302 2482 2384 dolen-

1475 2528 1492 2581 „
1601 2468 1801 2550 dum
1850 2482 1997 2564 est,
2053 2467 2283 2577 quod
2336 2495 2481 2549 ne-

1600 2661 1764 2743 que
1833 2632 2193 2714 Ladislai
2262 2633 2483 2743 regis

1026 2668 1142 2730 Fig.
1164 2677 1246 2729 25.

712 2802 1123 2911 Neapolis
1221 2828 1494 2910 neque
1591 2799 2113 2909 Sigismundi
2201 2799 2482 2880 charta

713 2967 1048 3077 reperiri
1112 2980 1411 3076 potest.
1505 2965 1805 3046 Omnis
1869 2964 2208 3075 quidem
2273 2992 2479 3074 ope-

714 3162 803 3215 ra
888 3147 1175 3216 nostra
1257 3133 1364 3215 ad
1452 3132 1818 3214 chartam
1916 3130 2480 3241 indagandam

712 3300 1043 3381 conlata
1103 3299 1209 3380 ad
1273 3298 1587 3379 irritum
1648 3297 1959 3380 cecidit.
2063 3297 2240 3379 Sed
2308 3297 2479 3378 fieri

715 3464 1022 3575 nequit,
1109 3464 1310 3574 quin
1390 3463 1552 3545 hoc
1633 3463 1823 3544 loco
1910 3463 2014 3545 de
2097 3475 2479 3572 tempore

717 3630 1074 3712 missalis
1148 3629 1630 3711 definiendo
1708 3642 2079 3711 nostram
2153 3629 2481 3710 coniec-

713 3810 984 3879 turam
1108 3796 1476 3906 proferre
1598 3795 2084 3877 audeamus.
2219 3794 2479 3904 Equi-

713 3962 934 4045 tibus
1023 3962 1243 4043 enirn
1328 3961 1572 4042 huius
1654 3960 2039 4042 draconis
2132 3960 2482 4070 insignis

712 4127 939 4210 licuit
1011 4127 1091 4208 in
1174 4153 1328 4208 sua
1403 4125 1761 4236 insignia
1833 4125 2251 4235 gentilicia
2333 4153 2480 4206 no-

712 4306 885 4375 tam
969 4293 1356 4374 draconis
1431 4292 1822 4401 recipere.
1942 4291 2244 4401 Neque
2326 4318 2481 4401 pu-

713 4457 1060 4541 tandum
1155 4469 1285 4539 est
1368 4457 1830 4538 Hervoiam
1915 4456 2247 4554 ducem,
2342 4457 2480 4566 qui

714 4624 934 4705 hunc
1006 4624 1417 4705 honorem
1493 4621 1821 4732 plurimi
1896 4622 2479 4716 aestimaverit,

715 4790 796 4871 id
887 4817 1158 4900 genus
1252 4788 1878 4870 decorationem
1974 4815 2179 4868 suae
2274 4813 2481 4897 gen-

713 4955 816 5038 tis
882 4955 1346 5066 insignibus
1411 4982 1583 5035 non
1647 4953 2119 5035 vindicasse
2187 4966 2271 5036 et
2333 4981 2481 5063 pe·
2558 5040 2565 5046 ,

713 5121 1019 5204 tivisse.
1150 5121 1367 5202 Cum
1453 5148 1658 5202 vero
1745 5119 2104 5230 insignia
2186 5120 2480 5201 draco-

716 5287 843 5369 nis
916 5287 1049 5369 die
1125 5313 1248 5368 12.
1316 5286 1814 5368 Decembris
1886 5287 2107 5389 1408
2174 5298 2481 5368 statuta

714 5453 898 5551 sint,
989 5452 1263 5563 (Arch.
1340 5452 1499 5534 aul.
1589 5452 1694 5533 H.
1777 5454 1935 5556 135
1984 5479 2060 5531 v.
2131 5450 2477 5533 Reichs-

715 5619 918 5729 reg.)
976 5646 1079 5700 ex
1142 5645 1451 5729 magna
1509 5618 1959 5729 insignium
2014 5617 2479 5728 gentilicio-

715 5811 898 5865 rum
956 5785 1322 5895 imagine
1369 5784 1728 5866 missalis
1783 5783 2177 5894 colligere
2222 5811 2477 5894 posse

718 5950 962 6031 nobis
1067 5950 1475 6048 videmur,
1591 5977 1782 6032 cum
1893 5949 1971 6030 in
2080 5976 2181 6030 ea
2289 5948 2477 6029 dra-

715 6143 816 6198 co
884 6115 1119 6214 desit,
1197 6116 1532 6197 missale
1605 6128 1801 6221 ante·
1864 6142 2180 6197 annum
2253 6117 2475 6218 1408

2328 736 2847 805 -77-

2693 982 3090 1091 scriptum
3159 1008 3346 1063 esse
3413 993 3494 1061 et
3556 980 3662 1061 ad
3730 981 3930 1062 illud
3987 981 4206 1063 vitae
4263 1008 4457 1090 spa—

2691 1147 2896 1229 tium
2987 1147 3420 1256 pertinere,
3519 1173 3687 1256 quo
3791 1146 4168 1227 Hervoia
4266 1173 4516 1228 cum-

2694 1312 3087 1394 Ladislao

2693 1492 2937 1560 esset.

3192 1312 3599 1393 amicitiae
3707 1312 3868 1394 fide
3965 1312 4458 1393 coniunctus

2845 1643 3368 1755 Sigismundi
3422 1643 3889 1753 triumphus
3945 1655 4027 1724 et
4071 1643 4457 1724 Bosnen-

2692 1810 2909 1891 sium
2991 1810 3508 1920 magnatium
3591 1808 3859 1918 gratia
3938 1808 4459 1890 reconciliata

2692 2003 2862 2093 una
2970 1974 3559 2056 tantummodo
3677 2001 3762 2055 re
3866 1973 4196 2056 turbata
4307 1984 4455 2070 est,

2694 2168 2910 2252 quae
2986 2141 3066 2221 in
3143 2153 3575 2251 posterum
3649 2152 3985 2249 tempus
4058 2139 4458 2248 gravissi-

2694 2307 2805 2387 mi
2890 2319 3064 2388 erat
3147 2305 3572 2386 momenti.
3683 2305 4126 2386 Ladislaus
4209 2304 4455 2401 enim,

2692 2485 3144 2582 postquam
3261 2469 3664 2551 vindicias
3777 2497 3975 2552 suas
4090 2470 4458 2579 perditas

2695 2665 2883 2719 esse
2987 2636 3214 2734 vidit,
3324 2635 3700 2718 Iaderam
3807 2648 4142 2717 centum
4247 2635 4457 2716 mili-

2693 2803 2854 2885 bus
2925 2803 3443 2899 ducatorum,
3517 2816 3607 2885 ut
3675 2815 4104 2899 vocantur,
4176 2802 4459 2883 Vene-

2691 2970 2796 3051 tis
2840 2968 3239 3050 vendidit.
3318 2969 3511 3074 Qua
3562 2968 3882 3050 ratione
3939 2995 4073 3050 res
4127 2968 4459 3077 publica

2692 3133 3051 3244 provida
3126 3134 3204 3214 in
3280 3160 3431 3215 ora
3505 3133 3880 3215 orientali
3956 3133 4206 3215 maris
4283 3133 4460 3213 Ha-

2694 3299 3006 3381 driatici
3090 3326 3375 3381 rursus
3458 3298 3821 3381 constitit
3903 3312 3984 3381 et
4065 3298 4459 3379 dominos

2692 3477 3084 3576 potentes
3160 3465 3368 3548 inter
3440 3492 3532 3547 se
3606 3477 3919 3547 certare
3992 3491 4244 3574 passa
4317 3491 4459 3545 ex-

2693 3630 3120 3742 spectavit,
3206 3631 3408 3712 dum
3493 3630 3730 3739 quasi
3812 3630 4122 3712 fructus
4204 3629 4459 3711 totius

2693 3797 3169 3879 Dalmatiae
3212 3763 3865 3908 ‘expugnandae
3949 3808 4031 3878 et
4113 3821 4459 3905 recupe-

2694 3962 3004 4044 randae
3071 3973 3682 4044 maturesceret.

2853 4128 3235 4210 Hervoia
3298 4154 3448 4237 per
3511 4126 3831 4237 aliquot
3892 4153 4163 4208 annos
4228 4126 4461 4235 quie-

2692 4307 2829 4376 tus
2933 4292 3083 4376 suit
3189 4320 3610 4375 summam
3716 4293 3937 4374 vitae
4036 4292 4460 4373 fortunam

2692 4472 3222 4541 consecutus,
3291 4460 3514 4540 Tum
3580 4486 3787 4540 vero
3854 4457 4172 4540 Sandal
4240 4458 4460 4539 Hra-

2694 4624 2827 4706 nic
2899 4625 3326 4707 Hervoiae
3402 4624 3867 4707 senescenti
3942 4651 4035 4706 se
4100 4651 4460 4734 praepo-

2681 4769 2890 4871 'nere
2949 4791 3244 4900 coepit.
3314 4792 3604 4899 Itaque
3649 4790 3861 4871 inter
3904 4817 3996 4872 se
4042 4789 4456 4870 obtrecta-

2693 4970 2885 5037 runt
2946 4955 3253 5037 aemuli
3319 4955 3637 5065 gratiae
3703 4955 3948 5064 regiS,
4027 4955 4165 5064 qui
4230 4982 4457 5036 anno

2706 5145 2927 5225 1410
3021 5122 3362 5203 nomine
3460 5120 3826 5202 Romani
3930 5119 4457 5229 imperatoris

2692 5301 3038 5370 ornatus
3108 5298 3255 5369 est.

2841 5455 3099 5535 Anno
3158 5477 3375 5558 1412
3434 5452 4032 5563 Sigismundus
4086 5465 4168 5533 et
4208 5451 4455 5533 Wla-

2690 5618 3005 5700 dislaus
3097 5645 3240 5700 rex
3320 5617 3728 5699 Poloniae
3809 5616 4170 5698 Lublina
4259 5644 4456 5726 pac-

2688 5785 2916 5866 tione
2999 5785 3376 5866 confecta
3455 5797 3837 5893 tempore
3925 5796 4456 5892 pentecostes

2690 5950 3018 6032 Budam
3110 5977 3203 6032 se
3291 5949 3851 6047 contulerunt,
3948 5976 4163 6059 quae
4253 5949 4455 6030 urbs

2582 6141 2585 6144 ·
2687 6130 2887 6198 tunc
2949 6115 3469 6226 Sigismundi
3533 6143 3729 6197 cura
3792 6115 4068 6196 nodus
4126 6127 4207 6197 et
4262 6142 4460 6196 con-
