5559 7392
2303 685 2813 773 -35-

695 949 1081 1030 nensium
1155 959 1445 1029 contra
1519 972 1874 1056 regnum
1942 945 2452 1056 Hungariae.

694 1115 970 1197 Etiam
1054 1111 1478 1195 Sandalus
1562 1112 1795 1194 inivit
1885 1138 2180 1222 pacem
2263 1138 2455 1193 cum

696 1281 1095 1363 Hervoia.
1223 1279 1548 1361 Potitus
1653 1291 1781 1360 est
1881 1290 2098 1360 terra
2199 1279 2453 1373 Hum,

695 1475 911 1557 quae
968 1474 1242 1556 usque
1298 1445 1406 1527 ad
1461 1472 1777 1527 annum
1839 1446 2057 1549 1435
2127 1444 2208 1525 in
2275 1444 2454 1526 eius

695 1613 1020 1695 dicione
1119 1611 1533 1693 manebat.
1643 1609 2136 1720 (Archivum
2233 1610 2456 1720 prin-

694 1779 970 1889 cipum
1055 1777 1586 1898 Eszterhazy,
1680 1777 1889 1886 Rep.
1967 1800 2103 1880 42.
2190 1776 2283 1857 F.
2353 1776 2452 1858 G.

696 1972 920 2026 num.
999 1942 1169 2054 52.)
1273 1944 1438 2024 Pro
1536 1954 1972 2024 momento
2068 1941 2456 2051 perdide-

697 2124 887 2194 runt
958 2111 1166 2192 Bani
1242 2110 1626 2219 Hungari
1701 2121 2206 2219 potestatem
2280 2122 2457 2192 tota

697 2277 1034 2358 Bosnia.

1671 3277 2051 3359 Hervoia
2110 3276 2459 3357 robusto

1285 3558 1302 3570 .
1560 3442 1847 3525 habitu
1954 3441 2459 3551 horridaque

1467 3683 1479 3710 Ἰ
1557 3608 1839 3691 indole
1945 3607 2199 3690 fuisse
2312 3634 2463 3716 pu-

1564 3773 1872 3856 tandus
1928 3785 2077 3872 est,
2138 3773 2277 3883 qui
2331 3800 2464 3855 as-

1563 3966 1765 4050 pera
1819 3952 1900 4021 et
1950 3938 2187 4049 gravi
2250 3965 2463 4020 voce

1157 4106 1584 4217 praeditus
1690 4105 2062 4187 delicatis
2176 4104 2463 4186 aulicis

1158 4272 1344 4355 talis
1389 4272 1742 4354 fortasse
1786 4271 2022 4353 visus
2067 4283 2216 4368 est,
2262 4297 2462 4380 qua-

887 4412 894 4423 *
1159 4438 1283 4520 les
1337 4437 1538 4519 olim
1595 4437 1922 4519 barbari
1976 4463 2220 4519 rauce
2269 4435 2464 4517 hor-

1388 4603 1735 4714 rideque
1832 4603 2278 4713 loquentes
2382 4602 2463 4684 in

2272 4767 2467 4875 oua

1390 4933 1496 5015 de
1611 4961 1699 5016 re
1812 4933 2233 5015 chronista
2336 4933 2466 5013 Io-

1392 4769 1854 4850 Caesarum
1928 4768 2139 4850 aula.

1389 5126 1655 5181 annes
1730 5099 1835 5181 de
1891 5099 2278 5180 Thurocz
2340 5126 2466 5179 re-

1388 5265 1545 5347 fert
1609 5265 2036 5346 Hervoiae
2103 5264 2465 5375 iurgium

1390 5459 1581 5514 cum
1636 5430 1860 5513 bano
1916 5430 2180 5512 Paulo
2239 5429 2467 5512 Chu-

844 5623 959 5686 Fig.
982 5623 1064 5670 28.

707 5793 1192 5848 memorans
1279 5765 1482 5876 (cap.
1546 5763 1826 5874 XVI.):
1924 5765 2200 5862 „Nam
2274 5791 2465 5845 cum

705 5931 1141 6042 perfidiam
1206 5944 1400 6052 ante
1476 5930 1690 6013 hanc
1755 5930 1923 6011 dux
2000 5930 2177 6040 ipse
2244 5931 2465 6012 Her—

705 6125 973 6205 woya,
1055 6098 1231 6207 regi
1305 6096 1859 6208 Sigismundo
1936 6096 2465 6180 obedientiae

1390 5625 1548 5709 por
1591 5598 1697 5680 de
1744 5597 2194 5679 Monoszlo
2240 5624 2469 5679 com-

2522 2728 2613 2808 II.

2822 947 3200 1030 Hervoia
3231 948 3665 1031 victoriam
3705 977 3875 1031 non
3912 951 4053 1033 diu
4089 978 4434 1061 supera-

2668 1112 2834 1210 vit;
2921 1114 3074 1196 sed
3148 1114 3436 1196 videre
3523 1116 3794 1225 potuit
3871 1144 3964 1199 se
4047 1118 4258 1200 tales
4342 1118 4426 1199 in

2668 1279 3019 1390 patriam
3101 1281 3382 1363 socios
3462 1309 3841 1381 vocasse,
3927 1285 4067 1394 qui
4152 1297 4235 1366 et
4317 1285 4434 1394 ip-

2668 1473 2858 1527 sum
2943 1459 3025 1528 et
3105 1447 3711 1531 obtrectatores
3792 1476 3998 1531 suos
4092 1450 4433 1561 subige-

2669 1625 2854 1694 rent
2953 1639 3216 1723 seque
3322 1613 3432 1696 ita
3521 1614 3773 1696 rebus
3866 1615 4433 1698 immiscentes

2668 1778 3001 1859 firmum
3067 1791 3149 1860 et
3210 1780 3528 1862 morale
3583 1780 4223 1863 fundamentum
4281 1781 4432 1864 do-

2671 1943 3150 2025 minationis
3216 1944 3372 2026 sibi
3438 1959 3843 2055 pararent.

2821 2109 3386 2193 Adversarios
3424 2110 3674 2222 igitur
3711 2111 3933 2194 ultus
3975 2126 4122 2211 est,
4165 2112 4246 2194 id
4283 2139 4427 2195 ve-

2668 2304 2761 2358 ro
2828 2276 3091 2386 pretio
3158 2278 3645 2360 calamitatis
3707 2278 4067 2388 posteris
4131 2278 4429 2361 illatae.

1305 2966 1469 3059 De
1533 2966 1994 3084 imagine
2059 2963 2847 3082 insignibusque
2912 2964 3446 3058 Hervoiae
3512 2967 3829 3057 ducis,

2673 3274 3001 3358 iunctus
3067 3276 3363 3374 officiO,
3442 3276 3823 3358 eiusdem
3898 3277 4210 3359 curiam
4278 3278 4438 3359 sre-

2672 3454 3133 3561 quentaret,
3233 3455 3411 3524 tum
3498 3443 3689 3542 vita,
3790 3456 4138 3554 tumque
4225 3444 4441 3555 regi-

2676 3606 2902 3689 mine
3009 3635 3364 3705 morum,
3482 3608 3825 3691 brutalis
3940 3623 4437 3706 cerneretur,

2676 3772 2854 3882 ipse
2949 3774 3263 3856 Paulus
3358 3774 3653 3872 banus,
3753 3774 3985 3856 illum
4083 3775 4441 3858 ludibrio

2675 3938 3021 4035 habenS,
3099 3938 3301 4021 dum
3380 3940 3488 4021 illi
3566 3939 3870 4023 obvius
3934 3940 4207 4039 fiebat,
4277 3942 4443 4023 dis-

2675 4105 3002 4187 solutus
3077 4105 3156 4186 in
3233 4105 3624 4203 derisum,
3706 4107 4030 4217 mugitu
4095 4107 4439 4203 bovinO,

2675 4297 2829 4380 pro
2923 4270 3447 4353 salutationis
3544 4272 4085 4354 veneratione
4176 4273 4443 4383 digni-

2673 4449 2932 4518 tatem
2998 4411 3803 4548 illius-deturpabat.
3908 4438 4052 4520 Sic
4116 4450 4199 4519 et
4263 4437 4440 4547 ipse

2677 4602 2847 4684 dux
2944 4603 3404 4710 Herwoya‚
3506 4631 3697 4685 cum
3802 4603 4026 4686 idem
4127 4603 4441 4686 Paulus

2678 4769 2973 4867 banuS,
3076 4769 3214 4879 qui
3319 4769 3399 4850 in
3502 4770 3823 4879 proelio
3910 4770 4440 4852 Thurcorum

2677 4962 2842 5045 ope
2936 4961 3163 5016 anno
3263 4955 3482 5040 1415
3582 4935 3664 5016 in
3759 4935 4071 5017 banatu
4161 4935 4443 5018 Usora

2677 5098 3136 5183 com‘misso
3219 5114 3509 5211 captus
3593 5113 3739 5197 est,
3823 5100 3932 5182 ab
4015 5101 4223 5211 ipso,
4297 5127 4441 5182 ve-

2678 5266 3075 5349 stimento
3169 5266 3435 5349 dictae
3519 5266 3759 5376 pellis
3844 5265 4209 5348 bovinae
4292 5265 4443 5347 ho-

2680 5447 3024 5515 noratus
3080 5433 3389 5529 fuisset,
3457 5432 3770 5514 aiebat:
3840 5432 3978 5542 qui
4036 5432 4117 5514 in
4174 5431 4443 5514 forma

2677 5600 3048 5683 humana
3119 5626 3331 5680 voce
3399 5597 3645 5680 bovis
3719 5597 3977 5679 instar
4031 5597 4438 5696 -utebari5‚

2677 5779 2911 5848 utere
2961 5765 3123 5847 iam
3176 5776 3259 5846 et
3303 5763 3572 5845 forma
3611 5776 3693 5845 et
3730 5790 3945 5845 voce
3992 5762 4441 5845 eiusdem.“

2832 5931 3009 6013 Sed
3060 5930 3314 6012 finem
3371 5929 3769 6011 faciamus
3822 5927 4284 6010 disserendi
4337 5926 4441 6009 de
4565 5969 4570 5974 ·

2676 6097 2829 6179 viri
2915 6096 3130 6178 illius
3211 6095 3587 6177 moribus
3661 6093 4082 6203 rebusque
4155 6093 4438 6203 gestis.
