5559 7392
2268 734 2366 742 -
2489 714 2613 763 101
2737 738 2836 744 -

683 969 829 1038 est.
925 957 1015 1037 Id
1080 983 1353 1066 genus
1419 957 1784 1067 picturae
1851 957 2168 1038 formae
2235 984 2443 1066 qua-

681 1121 964 1204 dratae
1039 1133 1121 1204 et
1185 1121 1636 1204 latitudinis
1702 1122 2143 1204 columnae
2208 1149 2441 1204 com-

681 1290 963 1400 plures
1046 1288 1615 1385 inveniuntur;
1712 1288 1988 1398 itaque
2071 1314 2261 1397 pag.
2331 1313 2442 1370 20

680 1456 1150 1536 dominicae
1214 1476 1303 1538 II.
1380 1466 1576 1564 post
1639 1453 2167 1563 epiphaniam
2234 1481 2441 1564 nup·

679 1622 838 1704 tiae
923 1622 1408 1703 Canaenses
1491 1620 1952 1702 destinatae
2043 1634 2241 1702 sunt
2330 1619 2438 1730 (v.

680 1789 816 1897 fig.
884 1787 1027 1897 34)
1125 1787 1586 1868 secundum
1679 1786 2210 1897 euangelium
2304 1787 2440 1867 Io-

679 1955 918 2035 annis
1018 1973 1118 2055 II,
1225 1977 1567 2049 1———11;
1678 1978 1868 2061 pag.
1958 1953 2071 2056 48
2153 1981 2207 2032 v
2322 1952 2438 2031 fe-

680 2120 847 2201 riae
910 2141 1033 2203 VI.
1110 2130 1306 2227 post
1378 2117 1690 2199 domin.
1767 2139 1893 2202 III.
1970 2117 2440 2227 quadrage-

679 2286 939 2367 simae
996 2284 1524 2366 Samaritana
1585 2284 1692 2364 ad
1760 2284 2074 2366 fontem
2141 2310 2438 2365 secun-

680 2453 879 2533 dum
947 2449 1477 2558 euangelium
1544 2449 1880 2530 Ioannis
1939 2470 2064 2546 IV,
2134 2451 2438 2555 5—43;

678 2645 863 2728 pag.
930 2638 1037 2723 57
1134 2616 1380 2697 feriae
1460 2636 1548 2697 V.
1638 2627 1834 2724 post
1916 2636 2040 2697 IV.
2127 2615 2436 2696 domin.

675 2782 1372 2893 quadragesimae
1419 2781 1742 2863 iuvenis
1788 2781 2270 2863 Naimensis
2316 2808 2440 2862 re-

673 2951 1007 3031 vocatio
1081 2977 1131 3030 a
1198 2961 1466 3030 morte
1540 2947 2002 3029 secundum
2077 2975 2440 3059 euange-

676 3115 874 3197 lium
960 3116 1239 3196 Lucae
1320 3132 1492 3210 VII,
1593 3136 1980 3217 11—14;
2066 3139 2255 3224 pag.
2321 3117 2436 3196 83

672 3281 919 3363 feriae
964 3302 1052 3363 V.
1101 3278 1441 3360 maioris
1496 3277 2053 3361 hebdomadis
2109 3279 2188 3360 in
2243 3306 2435 3361 coe-

673 3474 780 3528 na
844 3446 1161 3528 domini
1221 3444 1531 3526 lavatio
1590 3443 1900 3553 pedum
1968 3445 2433 3527 secundum

2125 3636 2431 3718 1—15.

669 3781 1109 3861 Praeterea
1198 3789 1474 3860 textus
1560 3761 2194 3886 euangeliorum
2278 3778 2431 3859 mi-

673 3611 1207 3723 euangelium
1323 3610 1661 3691 Ioannis
1776 3630 1993 3712 XIII,

670 3943 1013 4025 noribus
1107 3942 1445 4051 picturis
1530 3941 1608 4023 in
1692 3941 2214 4024 altitudinem
2298 3944 2431 4025 vel

669 4111 749 4191 in
847 4108 1364 4191 latitudinem
1472 4108 1873 4216 porrectis
1979 4109 2433 4190 illustratus

667 4288 811 4357 est.
881 4274 1216 4356 Illarum
1269 4286 1549 4354 autem
1607 4274 1685 4353 in
1747 4301 2187 4355 numerum
2243 4302 2425 4384 pag.

666 4462 776 4546 55
833 4469 909 4521 v.
1004 4440 1111 4520 ad
1207 4438 1491 4521 feriam
1578 4459 1702 4522 IV.
1790 4452 1985 4548 post
2066 4461 2190 4523 IV.
2277 4440 2430 4522 do-

665 4605 857 4686 min.
951 4603 1650 4715 quadragesimae
1750 4605 2075 4686 sanatio
2167 4606 2429 4688 caeci-

662 4770 855 4881 geni
932 4769 1366 4874 referenda
1437 4782 1564 4851 est
1641 4769 2106 4853 secundum
2173 4798 2429 4853 euan-

660 4936 976 5046 gelium
1032 4936 1369 5017 Ioannis
1425 4957 1562 5033 IX,
1625 4960 1924 5039 1—4o;
1989 4964 2178 5048 pag.
2217 4964 2333 5042 99
2373 4967 2426 5019 v

661 5103 767 5184 ad
892 5102 1339 5185 sabbatum
1464 5116 1844 5184 sanctum
1962 5104 2425 5186 secundum

662 5267 1198 5378 euangelium
1275 5268 1675 5351 Matthaei
1752 5288 2110 5370 XXVIII,
2201 5270 2424 5350 1—8

661 5434 1196 5532 resurrectio;
1282 5461 1470 5544 pag.
1534 5436 1696 5515 103
1779 5434 1887 5515 ad
1972 5433 2259 5516 seriam
2333 5455 2420 5518 V.

661 5611 855 5707 post
935 5599 1247 5709 pascha
1332 5599 1844 5710 Magdalena
1932 5600 2038 5680 ad
2123 5627 2423 5683 monu-

660 5777 1035 5846 mentum
1102 5765 1446 5847 Domini
1524 5759 1988 5848 secundum
2054 5793 2421 5877 euange-

658 5929 857 6011 lium
924 5930 1262 6011 Ioannis
1328 5952 1516 6028 XX,
1602 5957 1925 6030 1—1o;
1994 5959 2186 6042 pag.
2258 5957 2420 6037 109

656 6095 762 6176 ad
837 6095 1058 6176 diem
1133 6097 1648 6179 ascensionis
1716 6097 2064 6178 Domini
2129 6125 2420 6180 ascen-

2656 959 2782 1039 sio
2828 959 3290 1041 secundum
3338 963 3867 1072 euangelium
3911 965 4169 1045 Marci
4219 986 4422 1061 XVI,

2671 1147 3037 1226 14—20.
3105 1124 3398 1207 harum
3454 1154 3657 1209 vero
3722 1129 3802 1209 in
3871 1156 4222 1212 numero
4276 1131 4422 1212 ha-

2656 1289 2933 1371 benda
3014 1304 3210 1373 sunt
3291 1319 3480 1404 pag.
3540 1316 3640 1395 41
3739 1294 3846 1375 ad
3931 1294 4218 1376 feriam
4295 1317 4418 1379 VI.

2654 1469 2848 1566 post
2914 1457 3225 1539 domin.
3292 1479 3382 1540 II.
3451 1460 4146 1571 quadragesimae
4204 1463 4422 1571 agri-

2654 1621 2890 1704 colae
2982 1622 3062 1703 in
3157 1624 3408 1705 vinea
3501 1625 3964 1706 secundum
4056 1653 4422 1737 euange-

2655 1787 2854 1868 lium
2923 1787 3325 1870 Matthaei
3396 1810 3615 1885 XXI,
3688 1791 4027 1895 33—46
4100 1841 4218 1851 —
4296 1805 4422 1873 est

2655 1952 2875 2033 enim
2931 1952 3172 2034 unica
3217 1953 3640 2062 parabola,
3701 1955 3829 2035 cui
3885 1955 4420 2038 simulacrum

2653 2116 3162 2200 destinatum
3220 2132 3349 2200 est
3404 2119 3510 2229 (v.
3550 2119 3685 2229 fig.
3726 2119 3869 2229 35)
3926 2170 4039 2181 —
4095 2135 4177 2204 et
4228 2148 4416 2231 pag.

2656 2283 2769 2387 58
2865 2282 2972 2363 ad
3064 2283 3355 2365 feriam
3437 2304 3539 2367 VI
3633 2297 3827 2393 post
3919 2285 4230 2368 domin.
4315 2308 4420 2370 IV

2653 2447 3352 2558 quadragesimae
3435 2450 3863 2532 revocatio
3941 2451 4227 2532 Lazari
4313 2452 4419 2532 ad

2653 2612 2910 2694 vitam
3003 2613 3468 2695 secundum
3553 2615 4088 2723 euangelium
4172 2617 4418 2697 Ioan-

2654 2778 2778 2859 nis
2834 2800 2970 2876 XI,
3034 2778 3332 2882 1—46;
3388 2805 3606 2888 quae
3660 2779 4000 2887 quidem
4054 2780 4420 2889 picturae

2652 2971 2951 3026 omnes
3036 2971 3374 3026 scenam
3456 2944 3878 3053 quandam
3965 2973 4066 3027 ex
4159 2973 4417 3028 euan-

2648 3109 2845 3219 gelii
2909 3120 3138 3190 textu
3206 3110 3512 3192 missae
3577 3109 4111 3219 desumptam
4176 3139 4416 3221 prae-

2649 3275 2871 3357 bent.
2950 3276 3237 3384 Itaque
3300 3287 3427 3356 est
3480 3275 3892 3372 historica,
3959 3287 4048 3357 ut
4101 3275 4412 3372 dicitur,

2648 3467 2919 3535 scena,
3006 3467 3222 3550 quae
3305 3440 3787 3537 exhibetur;
3883 3441 4081 3551 quin
4167 3442 4415 3525 etiam

2648 3606 2726 3686 in
2811 3605 3161 3687 litteram
3244 3627 3317 3691 (τ’
3397 3605 3978 3715 copiosissime
4062 3634 4412 3689 exorna—

2645 3782 2840 3869 tam,
2935 3799 2985 3851 a
3066 3797 3234 3880 qua
3315 3770 3852 3882 euangelium
3944 3771 4412 3853 dominicae

2648 3944 2728 4025 in
2808 3955 3108 4025 octava
3180 3944 3540 4053 paschae
3618 3945 4047 4054 proprium
4123 3947 4406 4029 Ioann.

2643 4131 2824 4206 XX,
2890 4110 3221 4213 19--31
3303 4109 3521 4218 capit
3585 4109 3927 4207 initium,
3997 4110 4410 4192 eiusmodi

2643 4302 2895 4357 scena
2959 4274 3347 4356 historica
3413 4275 3719 4355 inserta
3784 4286 3930 4372 est,
3999 4297 4050 4360 I.
4105 4276 4409 4358 Christi

2643 4440 3060 4522 adventus
3126 4440 3388 4550 portis
3453 4441 3756 4522 clausis
3825 4441 3930 4550 (v.
3981 4442 4114 4551 fig.
4169 4441 4322 4551 12).

2803 4605 2943 4687 Ad
3060 4605 3549 4688 illustranda
3662 4633 3871 4688 vero
3990 4608 4409 4716 passionis

2641 4771 3082 4881 euangelia
3146 4770 3704 4853 hebdomadis
3770 4772 4183 4880 paschalis
4248 4773 4410 4854 alia

2641 4937 2850 5019 ratio
2904 4936 3270 5018 adhibita
3324 4950 3487 5034 est;
3559 4938 3881 5019 invenis
3936 4939 4156 5020 enim
4213 4967 4401 5048 pag.

2644 5125 2787 5210 70,
2885 5125 2997 5210 74
3069 5132 3155 5200 v,
3264 5105 3376 5208 78
3451 5132 3533 5200 v,
3636 5106 3746 5209 85
3859 5104 3965 5185 ad
4078 5105 4405 5215 passio-

2642 5297 2833 5350 nem
2940 5267 3400 5350 secundum
3501 5269 4024 5350 Matthaeurn
4132 5267 4404 5349 domi-

2641 5435 2824 5515 nica
2913 5433 3411 5543 palmarum,
3499 5433 3605 5516 ad
3693 5435 4176 5544 passionem
4269 5462 4404 5516 se-

2636 5598 3004 5681 cundum
3100 5600 3481 5680 Marcum
3574 5599 3772 5681 seria
3851 5621 3979 5683 III.
4067 5600 4406 5682 maioris

2637 5765 3226 5862 hebdomadis,
3324 5766 3432 5846 ad
3530 5765 4012 5875 passionem
4103 5794 4404 5848 secun-

2637 5931 2839 6014 durn
2905 5934 3224 6014 Lucam
3290 5932 3538 6014 feriae
3603 5953 3727 6014 IV.
3799 5932 4133 6014 maioris
4200 5932 4403 6015 heb-

2635 6087 3053 6194 domadis,
3153 6097 3261 6180 ad
3358 6097 3839 6208 passionem
3938 6097 4403 6179 secundum
