5559 7392
2726 688 3240 755 -86-

1115 950 1376 1031 Cuius
1463 974 1878 1059 personae
1973 947 2492 1056 insignisque
2589 947 2881 1057 imagi-

1113 1143 1265 1198 nes
1330 1114 1664 1197 missale
1731 1113 2059 1195 duabus
2123 1112 2451 1223 paginis
2519 1111 2875 1194 exhibet.

1113 1283 1500 1364 Staturae
1577 1280 1797 1362 enim
1873 1279 2407 1361 simulacrum
2474 1279 2880 1389 conspici-

1110 1460 1242 1529 tur
1283 1473 1473 1557 pag.
1516 1471 1561 1527 2
1573 1445 1765 1551 53b
1810 1444 2118 1527 codicis
2164 1444 2269 1553 (v.
2309 1445 2444 1554 fig.
2486 1442 2638 1556 18),
2688 1473 2876 1527 cum

1110 1639 1297 1723 pag.
1337 1638 1382 1694 2
1395 1614 1508 1717 53
1532 1640 1601 1693 a.
1660 1613 1745 1693 S.
1786 1610 2217 1692 Michaelis
2264 1611 2582 1720 pictura
2626 1611 2876 1693 etiam

1110 1780 1401 1861 iterata
1444 1777 1916 1887 reperiatur.
2012 1778 2105 1857 In
2152 1790 2525 1858 extrema
2568 1776 2877 1886 pagina

1111 1942 1468 2025 missalis
1522 1943 1566 2024 i.
1607 1969 1675 2024 e.
1739 1968 1784 2024 2
1798 1963 1990 2048 54a
2043 1942 2276 2025 cuius
2331 1970 2523 2052 pars
2576 1970 2878 2023 aversa

1107 2136 1376 2191 vacua
1438 2108 1763 2206 mansit,
1835 2108 2285 2219 insignium
2351 2108 2529 2189 sive
2601 2135 2877 2190 armo-

1110 2303 1292 2357 rum
1365 2274 1819 2384 imaginem
1883 2274 2272 2355 videmus
2349 2273 2453 2384 (v.
2510 2274 2646 2383 fig.
2706 2271 2872 2383 30).

1262 2440 1449 2521 Hac
1502 2439 1943 2521 occasione
1999 2438 2283 2520 oblata
2335 2439 2645 2548 gratias
2700 2439 2877 2548 agi·

1112 2632 1300 2687 mus
1366 2632 1743 2687 summas
1798 2605 1901 2684 V.
1961 2606 2066 2685 D.
2127 2604 2480 2711 Quirino
2534 2605 2877 2686 Leitner

1107 2771 1214 2852 ab
1279 2771 1520 2852 aulae
1587 2770 1960 2866 consili0‚
2038 2770 2178 2880 qui
2246 2798 2405 2852 nos
2470 2770 2550 2850 in
2619 2770 2875 2879 expli-

1107 2938 1379 3019 cando
1464 2938 1723 3019 vestis
1808 2963 2043 3018 more
2125 2936 2671 3046 sagacissimo
2756 2936 2876 3017 iu-

1106 3104 1320 3186 dicio
1387 3104 1723 3186 adiuvit.

1266 3270 1693 3352 Hervoiae
1741 3270 2023 3379 imago
2082 3269 2272 3351 huic
2327 3269 2669 3352 editioni
2724 3269 2871 3351 ad-

1108 3436 1318 3517 iecta
1422 3435 1769 3545 praebet
1876 3436 2178 3517 ducem
2278 3436 2867 3546 Spalatensem

1108 3601 1473 3712 equestri
1537 3600 1823 3683 habitu
1890 3629 2160 3699 usum,
2239 3629 2408 3711 quo
2475 3602 2651 3683 Itali
2719 3600 2871 3683 do-

1110 3768 1308 3849 mini
1372 3768 1712 3849 saeculo
1769 3767 2098 3849 decimo
2155 3780 2452 3877 quarto
2510 3781 2868 3849 exeunte

1107 3962 1200 4016 se
1266 3934 1574 4016 vestire
1627 3933 1847 4016 soliti
1906 3945 2119 4015 sunt.
2208 3934 2336 4014 Ex
2394 3933 2670 4043 specie
2731 3961 2871 4014 ex-

1104 4101 1431 4198 teriore,
1516 4113 1607 4181 ut
1689 4100 1803 4182 ita
1882 4100 2177 4198 dicam,
2264 4100 2332 4182 si
2413 4099 2521 4181 ab
2602 4127 2871 4204 arma-

1012 4309 1016 4322 ·
1104 4280 1289 4349 tura
1393 4267 1582 4376 equi
1679 4265 2092 4363 discedaS,
2189 4266 2329 4347 vix
2425 4265 2869 4375 suspiceris

1103 4433 1332 4514 illum
1449 4431 1879 4513 Slavicum
1995 4431 2452 4542 principem
2569 4430 2865 4529 fuisse;

1103 4625 1296 4678 nam
1373 4624 1647 4707 neque
1724 4597 1805 4678 in
1870 4609 2111 4679 veste
2188 4624 2460 4706 neque
2538 4597 2618 4677 in
2684 4596 2869 4677 tho-

1102 4790 1287 4845 race
1403 4764 1816 4845 rationem
1931 4762 2355 4873 quandam
2481 4762 2866 4844 Slavicae

1099 4929 1375 5039 gentis
1463 4956 1956 5039 cognoscas,
2087 4929 2329 5037 Quae
2413 4955 2546 5010 res
2632 4929 2866 5011 facile

1102 5095 1583 5205 explicatur,
1679 5095 1746 5177 si
1830 5108 2315 5205 reputamus
2400 5095 2864 5177 Hervoiam

1101 5261 1402 5342 ducem
1487 5287 1681 5342 eum
1757 5260 2452 5342 vestimentorum
2538 5287 2864 5341 morem

1099 5449 1290 5508 esse
1356 5440 1759 5523 secutum,
1837 5426 1975 5536 qui
2052 5427 2133 5508 in
2198 5427 2410 5508 aulis
2477 5426 2865 5508 domino-

1099 5620 1282 5674 rum
1369 5592 1593 5674 feudi
1679 5620 1976 5703 regum
2063 5594 2555 5703 Hungariae
2639 5593 2863 5676 Nea-

1099 5758 1483 5869 polisque
1550 5756 1923 5839 florebat.

1250 5923 1808 6006 Simulacrum
1886 5924 2162 6034 ipsum
2239 5924 2428 6006 licet
2497 5924 2860 6034 typicam

1096 6091 1507 6171 rationem
1574 6090 1753 6171 eius
1810 6090 2126 6188 aetatiS,
2196 6091 2323 6172 cui
2382 6103 2657 6171 ortum
2716 6090 2861 6171 de-

3092 946 3254 1045 bet,
3322 973 3522 1057 prae
3588 973 3681 1027 se
3746 946 3972 1042 ferat,
4040 959 4322 1027 tamen
4388 945 4495 1027 ab
4556 947 4857 1029 usitata

3089 1113 3360 1195 forma
3454 1112 3962 1223 quibusdam
4061 1112 4314 1194 rebus
4416 1113 4853 1222 discrepat,

3091 1307 3307 1390 quae
3374 1307 3545 1361 non
3611 1292 3783 1361 tam
3855 1279 3962 1360 ad
4029 1279 4356 1361 artificis
4422 1278 4858 1388 cogitatio·

3092 1473 3286 1527 nem
3386 1446 3796 1555 privatam
3896 1473 4148 1555 quam
4241 1444 4346 1526 ad
4451 1444 4854 1554 impetum

3092 1612 3270 1693 eius
3354 1612 3635 1722 ipsius,
3723 1612 3864 1722 qui
3947 1611 4327 1721 depictus
4413 1624 4562 1707 est,
4649 1611 4856 1693 refe-

3091 1777 3400 1860 rendae
3467 1791 3680 1860 sunt.

3243 1944 3706 2026 Hervoiam
3747 1943 4048 2026 ducem
4088 1942 4476 2025 videmus
4515 1942 4852 2025 thorace

3089 2108 3471 2191 indutum
3538 2110 4102 2219 omnibusque
4161 2108 4584 2219 dignitatis
4649 2135 4853 2190 suae

3088 2275 3498 2358 attributis
3565 2287 3976 2374 ornatum,
4045 2275 4198 2356 sed
4252 2274 4432 2355 sine
4499 2273 4849 2355 casside.

3089 2444 3290 2523 Dux
3365 2440 3586 2521 enim
3672 2467 3759 2521 re
3834 2467 4036 2521 vera
4110 2439 4190 2521 id
4267 2440 4546 2550 egisse
4620 2439 4855 2521 vide-

3086 2619 3240 2704 tur,
3326 2619 3416 2688 ut
3489 2606 3737 2688 facies
3813 2633 3987 2704 sua,
4075 2633 4291 2715 quae
4365 2605 4472 2687 ab
4546 2632 4854 2715 aequa·

3087 2772 3304 2854 libus
3376 2773 3518 2855 vix
3602 2772 3965 2854 iucunda
4048 2772 4680 2868 describeretur,
4769 2772 4848 2852 in

3088 2939 3532 3020 simulacro
3662 2937 4303 3048 quodammodo
4431 2937 4853 3047 pulchrior

3086 3103 3525 3202 evaderet;
3603 3104 3833 3214 quod
3899 3116 3990 3186 ut
4053 3102 4226 3184 fieri
4291 3116 4605 3213 posset,
4673 3130 4852 3185 cas-

3083 3269 3353 3351 sidem
3420 3270 3722 3352 deesse
3789 3269 4179 3379 oportuit.

3236 3436 3664 3518 Hervoiae
3718 3436 4227 3526 lineamenta
4270 3435 4440 3517 oris
4498 3434 4851 3517 demon-

3083 3615 3346 3685 strant
3439 3603 3844 3712 pictorem
3941 3602 4423 3683 communia
4514 3602 4848 3713 proprie

3083 3769 3434 3851 reddere
3501 3769 3584 3850 in
3649 3769 3932 3850 animo
3998 3767 4435 3866 habuisse;
4515 3768 4666 3850 sed
4742 3768 4848 3850 ad

3083 3934 3604 4017 subtiliorem
3697 3934 4125 4017 Hervoiae
4198 3934 4848 4044 descriptionem

3081 4100 3365 4182 artifici
3431 4100 3861 4211 ingenium
3930 4128 4100 4182 non
4168 4099 4691 4210 suppetebat.

3234 4267 3435 4348 Dux
3489 4265 3955 4348 secundum
4020 4266 4235 4347 illius
4297 4265 4593 4347 aetatis
4651 4292 4849 4345 con-

3082 4431 3613 4514 suetudinem
3668 4432 4029 4513 crinibus
4095 4432 4176 4513 in
4242 4431 4552 4513 vertice
4619 4457 4848 4512 com·

3081 4598 3345 4708 pulsis
3443 4598 3696 4679 utitur
3792 4625 4046 4707 supra
4140 4624 4387 4679 aures
4485 4596 4846 4679 desectis

2984 4788 2988 4793 ·
3081 4763 3670 4873 involutisque.
3758 4765 3925 4844 Pro
3971 4764 4298 4845 casside
4354 4763 4610 4845 rubro
4656 4790 4847 4844 can-

3081 4928 3372 5012 didum
3427 4929 3843 5039 capellum
3898 4930 4217 5040 agraffa
4270 4943 4353 5011 et
4403 4929 4669 5022 tribus
4719 4956 4846 5010 ar-

3081 5096 3292 5177 deae
3359 5096 3659 5205 pennis
3728 5109 4115 5177 ornatum
4180 5096 4415 5205 gerit.

3590 5241 3599 5245 ⁴
3749 5262 3950 5342 Dux
4056 5261 4521 5342 secundum
4631 5260 4845 5342 illius

3593 5428 3886 5509 aetatis
3940 5418 4640 5509 consuetudinem
4697 5426 4845 5507 cri-

3373 5553 3457 5713 F.
3482 5685 3487 5692 γ’
3596 5593 3837 5675 nibus
3874 5592 3954 5672 in
3990 5593 4296 5673 vertice
4333 5591 4578 5701 plane
4615 5619 4843 5673 com·

3379 5727 3393 5747 ⁵
3627 5836 3629 5841 ,
3708 5860 3716 5866 ,
3766 5757 4030 5867 pulsis
4076 5758 4347 5854 utitur,
4398 5784 4651 5867 supra
4693 5784 4842 5838 au-

3759 5950 3891 6004 res
3970 5922 4330 6003 desectis
4409 5921 4846 6003 involutis-

3472 6059 3483 6069 '
3591 6115 3774 6197 que.
3827 6087 3992 6197 (De
4034 6087 4523 6218 capillosum
4558 6086 4844 6168 habitu
