5559 7392
2738 712 3254 777 „92—

1124 982 1581 1065 veramque
1672 954 2026 1035 formam
2112 952 2617 1063 imaginibus
2697 977 2887 1062 pag.

1130 1146 1227 1203 21
1260 1150 1310 1203 a
1362 1149 1619 1205 verso.
1669 1134 1751 1204 et
1802 1147 1991 1231 pag.
2047 1120 2286 1226 195b
2341 1119 2722 1201 exhibitis
2769 1119 2891 1199 in-

1125 1289 1373 1370 dicari
1427 1286 1882 1371 tenendum
1938 1300 2067 1368 est
2121 1285 2225 1396 (v.
2263 1286 2397 1396 fig.
2450 1307 2547 1390 17
2598 1297 2679 1366 et
2732 1280 2887 1390 19).

1271 1453 1444 1536 Sed
1498 1453 1790 1534 ducale
1839 1452 2262 1533 Hervoiae
2308 1452 2635 1560 insigne
2681 1448 2893 1531 mul-

1123 1633 1208 1702 to
1260 1620 1591 1701 maioris
1647 1631 1775 1700 est
1827 1618 2257 1718 momenti3
2322 1645 2516 1699 nam
2569 1616 2676 1698 ad
2732 1615 2893 1697 ori·

1121 1787 1543 1902 ginemaet
1593 1784 2280 1895 progressionem
2343 1782 2559 1892 signi
2621 1794 2890 1863 terrae

1123 1951 1488 2033 Bosniae
1588 1951 1896 2059 proprii
1996 1949 2539 2031 vehementer
2647 1945 2891 2056 perti-

1125 2129 1288 2198 net.
1392 2117 1609 2198 Cum
1685 2115 1907 2197 enim
1971 2127 2216 2196 vetus
2292 2114 2520 2225 quod
2598 2113 2891 2194 dicitur

1123 2282 1449 2390 regium
1514 2280 1841 2390 insigne
1900 2281 2340 2362 Bosnense
2405 2278 2510 2360 ad
2569 2278 2889 2360 initium

1123 2448 1430 2530 saeculi
1513 2467 1717 2530 XVI.
1791 2472 2060 2556 usque
2143 2473 2543 2527 corona
2624 2458 2893 2526 utere-

1122 2629 1274 2713 tur,
1371 2640 1475 2694 ex
1566 2614 1739 2695 iure
1823 2612 2309 2721 Hungariae
2392 2610 2727 2720 publico
2814 2622 2895 2691 et

1126 2779 1834 2888 Habsburgorum
1881 2778 2200 2860 ratione
2254 2776 2680 2886 principali
2738 2802 2891 2884 pro

1126 2945 1431 3055 insigni
1506 2945 1828 3026 Ramae
1908 2946 2150 3054 (quae
2225 2956 2354 3025 est
2425 2941 2890 3024 secundum

1127 3110 1616 3220 Hungariae
1666 3109 1856 3219 dipl.
1907 3108 2200 3191 eadem
2254 3121 2501 3218 atque
2551 3105 2894 3215 Bosnia)

1127 3276 1207 3357 id
1273 3275 1754 3372 habebatur,
1822 3275 2055 3357 cuius
2121 3275 2201 3355 in
2267 3300 2567 3383 campo
2635 3299 2891 3354 aureo

1127 3440 1467 3540 rubeuS,
1567 3440 2024 3551 gladioque
2106 3452 2474 3521 armatus
2562 3438 2890 3520 cubitus

1128 3619 1275 3703 est,
1362 3606 1500 3715 qui
1582 3606 1957 3716 gladium
2041 3631 2334 3715 pugno
2417 3616 2712 3686 tenens
2790 3631 2892 3685 ex

1126 3770 1317 3852 alba
1407 3770 1629 3854 nube
1725 3771 2052 3854 eminet.
2163 3769 2344 3881 („In
2435 3770 2893 3879 goldenem

1130 3935 1388 4018 Felde
1479 3937 1610 4019 ein
1703 3935 1888 4018 roth
1979 3949 2577 4046 gewappneter
2656 3938 2891 4032 Arm,

1128 4101 1276 4184 der
1365 4103 1527 4184 den
1625 4102 1879 4185 Sabel
1976 4103 2057 4184 in
2150 4102 2297 4184 der
2387 4102 2652 4182 Faust
2739 4128 2893 4182 aus

1127 4269 1482 4350 weissen
1530 4268 1906 4350 Wolken
1978 4268 2539 4376 hervorragt.“
2598 4315 2701 4325 —
2769 4265 2891 4347 Cf.

1129 4435 1546 4517 Titulatur
1597 4433 1770 4516 und
1813 4435 2212 4544 Wappen
2276 4434 2362 4515 S.
2414 4434 2661 4513 Rom.
2721 4431 2892 4513 und

1131 4602 1361 4682 Oest.
1411 4599 1611 4683 kais.
1668 4599 1878 4682 auch
1933 4599 2100 4709 kgl.
2158 4598 2568 4708 Majestat.
2642 4600 2890 4701 1804,

1127 4765 1289 4848 den
1371 4792 1492 4847 11.
1561 4767 1784 4875 Aug.
1853 4765 2023 4847 und
2105 4764 2379 4874 1836.)

1278 4932 1409 5012 Ex
1475 4931 1899 5013 Hervoiae
1957 4884 2698 5040 insigni⁵quaestio
2757 4957 2897 5010 ex-

1129 5098 1444 5208 planari
1504 5110 1806 5207 potest,
1875 5095 2311 5205 quomodo
2378 5095 2512 5177 ille
2568 5094 2894 5178 cubitus

1130 5265 1435 5346 rubore
1491 5276 1861 5345 armatus
1927 5289 2074 5372 per
2130 5262 2280 5343 tria
2345 5262 2680 5343 saecula
2733 5289 2896 5343 usu

1131 5430 1572 5512 universae
1654 5429 2017 5511 Bosniae
2099 5440 2481 5537 receptus
2566 5428 2691 5525 sit,
2776 5439 2896 5509 at-

1132 5622 1294 5705 que
1380 5595 1447 5677 is
1523 5594 1821 5676 eadem
1907 5594 2196 5692 forma,
2281 5594 2430 5675 sed
2516 5594 2893 5690 barrocQ

1132 5774 1222 5842 ut
1304 5761 1414 5841 ita
1494 5760 1789 5858 dicam,
1881 5786 2193 5870 genere
2277 5758 2510 5840 facile
2600 5759 2898 5840 immu-

1130 5940 1352 6009 tatus
1435 5939 1516 6008 et
1588 5928 1833 6010 leone
1907 5926 2247 6036 gemina
2320 5924 2585 6006 cauda
2658 5951 2897 6034 prae·
2975 5995 2976 5998 .

1134 6093 1306 6175 dito
1354 6093 1759 6203 privatus:
1818 6092 1898 6174 id
1945 6090 2174 6201 quod
2229 6117 2900 6171 commemoran-

3106 952 3305 1036 dum
3373 967 3521 1052 est,
3600 982 3790 1036 cum
3856 957 4341 1064 praesertim
4417 957 4551 1038 leo
4620 958 4867 1040 etiam

3102 1118 3327 1228 apud
3396 1120 3857 1202 Hervoiam
3924 1135 4006 1203 et
4070 1122 4150 1202 in
4216 1135 4454 1204 scuto
4527 1124 4867 1233 proprio

3104 1285 3682 1394 sepulcrorum
3772 1287 3994 1396 regis
4080 1288 4444 1369 Bosniae
4539 1288 4865 1370 Nicolai

3103 1450 3415 1559 Ujlaky
3479 1452 3964 1534 inveniatur.

3255 1617 3562 1727 Neque
3615 1645 3820 1699 vero
3878 1619 3956 1699 in
4011 1619 4295 1701 animo
4352 1634 4481 1701 est
4534 1620 4868 1702 libellos

3103 1781 3324 1863 haud
3408 1809 3749 1891 paucos,
3835 1782 4139 1893 quibus
4220 1782 4326 1866 de
4401 1785 4867 1894 insignibus

3102 1947 3687 2030 Bosnensibus
3763 1949 4184 2057 quaeritur
4246 1950 4710 2060 agiturque,
4789 1951 4870 2032 in

3103 2112 3498 2195 auxilium
3544 2113 3933 2195 vocando
3978 2125 4241 2196 totam
4289 2116 4867 2225 quaestionem

3105 2305 3390 2359 rursus
3457 2278 3877 2377 evolvere,
3946 2280 4317 2390 satisque
4372 2280 4702 2363 videtur
4764 2279 4871 2362 ad

3107 2471 3206 2524 ea
3271 2443 3719 2554 relegasse,
3797 2472 4012 2555 quae
4087 2446 4194 2528 ad
4261 2447 4687 2529 Hervoiae
4754 2447 4873 2556 ip-

3105 2610 3278 2692 sius
3344 2610 3587 2719 signa
3650 2611 4020 2693 attinent.
4112 2611 4287 2721 (Dr.
4353 2612 4488 2693 Fr.
4555 2611 4869 2693 Raeki:

3106 2776 3241 2856 De
3312 2789 3598 2858 vetere
3670 2776 4035 2858 Bosniae
4111 2777 4436 2887 insigni,
4511 2778 4592 2858 in
4662 2779 4873 2875 „Ar-

3105 2942 3293 3023 chiv
3344 2941 3471 3022 fiir
3520 2940 3934 3023 slavische
3986 2942 4542 3052 Philologie“,
4623 2944 4867 3040 1880,

3105 3132 3295 3215 pag.
3362 3109 3577 3210 342;
3644 3109 3749 3188 V.
3794 3108 4050 3217 Jagio,
4130 3108 4320 3189 ibid.
4388 3134 4577 3218 pag.
4644 3129 4869 3213 5oo;

3092 3273 3160 3378 J.
3228 3272 3627 3381 Bojnioio,
3724 3272 3912 3355 ibid.
3999 3300 4189 3383 pag.
4263 3296 4490 3380 497;
4586 3274 4872 3356 Klaio:

3104 3438 3608 3535 Bosnensia,
3702 3441 3955 3544 1879,
4044 3459 4138 3540 11,
4214 3465 4404 3549 pag.
4477 3440 4870 3535 13—33‘;

3105 3604 3251 3684 Dr.
3299 3604 3391 3684 L.
3431 3603 3919 3711 Thalloezy:
3974 3606 4056 3685 A
4106 3603 4494 3712 bosnyak
4546 3604 4872 3685 czimer-

3108 3768 3198 3851 es
3272 3768 3858 3851 zaszlokerdes
3929 3818 4035 3827 —
4110 3770 4520 3875 Quaestio
4596 3796 4871 3850 armo-

3106 3962 3289 4016 rum
3372 3935 3940 4017 Bosnensium
4023 3947 4274 4044 atque
4358 3935 4869 4032 vexilli‚—;

3107 4100 3439 4181 Katalin
3499 4099 3887 4207 bosnyak
3941 4099 4320 4207 kiralyno
4378 4099 4716 4181 sirkove
4774 4148 4868 4158 —

3107 4265 3640 4376 Epitaphium
3690 4265 4206 4363 Catherinae,
4267 4265 4606 4375 reginae
4658 4265 4873 4346 Bos-

3107 4431 3322 4530 niae,
3429 4479 3536 4490 —-
3639 4431 3718 4512 in
3825 4430 4530 4540 „Archaeologiai
4635 4405 4873 4511 Este-

3106 4597 3352 4695 sit6“,
3438 4595 3872 4706 Budapest
3949 4598 4196 4693 1881,
4273 4622 4464 4705 pag.
4535 4598 4871 4701 23—-29

3107 4775 3189 4844 et
3266 4765 3512 4868 1885,
3572 4788 3771 4878 pag.
3829 4764 4027 4860 328,
4107 4776 4189 4844 et
4259 4764 4388 4843 Az
4452 4759 4874 4870 Ujlakyak

3107 4927 3576 5010 siremlekei
3664 4977 3771 4986 —
3863 4927 4306 5038 Epitaphia
4390 4926 4655 5036 Regis
4745 4939 4871 5008 at-

3109 5122 3271 5204 que
3331 5094 3589 5175 Ducis
3653 5093 3759 5175 de
3811 5092 4122 5203 Ujlaky
4192 5141 4298 5151 —
4372 5091 4563 5173 ibid.
4625 5093 4869 5195 1889,

3108 5285 3298 5369 pag.
3369 5259 3625 5339 1—8:
3722 5259 3815 5339 B.
3901 5258 4004 5339 A.
4091 5258 4425 5365 Nyary:
4521 5259 4656 5339 De
4745 5284 4872 5338 ar-

3109 5426 3266 5507 mis
3324 5425 3712 5521 Bosniae,
3781 5425 3860 5504 in
3938 5424 4253 5522 „Turul
4277 5434 4346 5521 “,
4415 5422 4869 5532 Budapest,

3108 5612 3198 5690 11,
3273 5616 3464 5700 pag.
3520 5616 3608 5694 9;
3694 5601 3945 5699 atque
4026 5588 4107 5669 in
4195 5614 4450 5697 opere
4533 5588 4870 5669 Ioannis

3111 5755 3489 5838 Asboth:
3557 5756 3920 5838 Bosznia
3977 5756 4068 5835 es
4125 5783 4173 5836 a
4232 5753 4874 5862 Herczegovina

3115 5971 3221 5980 —-
3294 5921 3608 6003 Bosnia
3670 5949 3768 6003 ac
3835 5920 4427 6029 Hercegovina
4497 5969 4603 5977 ——
4673 5932 4724 6000 t.
4781 5940 4872 6022 ΙΙ,

3112 6114 3301 6198 pag.
3361 6085 3852 6193 187—202.)
