5559 7392
1123 925 1484 1006 maxime
1590 920 2409 1030 Constantinopolim
2519 918 2886 1000 delatum

1123 1117 1310 1172 esse
1410 1089 1902 1170 existiment.
2027 1088 2330 1197 Neque
2435 1084 2886 1180 miraberiS,

1121 1256 1463 1338 avidum
1551 1254 1890 1336 victoris
1978 1253 2350 1334 animum
2443 1251 2888 1332 excitatum

1123 1449 1333 1518 esse,
1403 1434 1493 1503 ut
1554 1419 1856 1501 librum
1910 1445 2196 1501 secum
2251 1417 2628 1513 auferret,
2698 1442 2888 1497 curn

1123 1587 1576 1670 litterarum
1653 1584 2068 1696 elegantia
2142 1584 2676 1693 picturaeque
2740 1610 2889 1691 ap-

1121 1765 1413 1862 paratu
1479 1778 1670 1833 eum
1738 1763 2067 1860 praeter
2129 1748 2467 1830 solitum
2539 1747 2888 1828 modurn

1123 1917 1527 2000 excellere
1619 1915 2148 2026 cognoveris,
2282 1915 2476 1995 Huc
2574 1912 2891 1994 accedit

1110 2084 1352 2194 quod
1449 2082 1908 2177 Hervoiae,
2018 2080 2250 2163 ducis
2342 2078 2886 2188 SpalatensiS,

1121 2250 1356 2331 cuius
1422 2249 1501 2329 in
1556 2247 1897 2329 historia
1950 2245 2312 2326 Bosniae
2375 2258 2625 2353 atque
2684 2242 2889 2324 Dal-

1112 2415 1423 2497 matiae
1499 2414 1719 2495 fama
1790 2411 2138 2493 celebris
2214 2423 2360 2507 est,
2448 2409 2729 2519 imago
2808 2408 2888 2489 in

1123 2580 1284 2661 fine
1350 2579 1658 2661 codicis
1725 2577 2053 2687 depicta
2117 2572 2227 2687 (v.
2284 2575 2419 2685 fig.
2490 2574 2649 2685 18),
2723 2574 2888 2655 iarn

1122 2745 1441 2827 dudum
1499 2742 1867 2825 nobilem
1914 2741 2093 2823 libri
2141 2741 2551 2852 originem
2604 2752 2888 2821 osten-

1123 2909 1395 2991 debat.
1491 2910 1600 2991 Et
1655 2907 1850 2989 mihi
1905 2907 2269 3017 quidem,
2323 2932 2499 2986 rem
2550 2932 2887 2986 accura-

1122 3076 1284 3158 tius
1330 3073 1898 3185 perscrutanti,
1946 3099 2442 3182 persuasum
2490 3083 2616 3152 est
2666 3071 2886 3150 Her-

1123 3240 1404 3322 voiam
1473 3240 1746 3349 ipsum
1801 3238 1981 3320 libri
2046 3236 2624 3320 conscribendi
2688 3263 2890 3317 auc-

1121 3419 1392 3487 torem
1487 3405 1762 3486 fuisse.
1883 3405 2040 3485 Cui
2126 3430 2316 3485 cum
2406 3402 2486 3483 in
2583 3401 2884 3512 insigni

1122 3598 1571 3667 armorum,
1614 3570 1843 3680 quod
1882 3598 1932 3650 a
1970 3570 2224 3651 latere
2265 3567 2651 3678 imaginis
2691 3593 2887 3677 pro-

1123 3738 1350 3819 ximo
1414 3736 1613 3817 folio
1659 3735 2136 3846 adiungitur
2179 3731 2290 3844 (V.
2328 3733 2463 3844 fig.
2505 3731 2673 3843 30),
2733 3732 2888 3813 du-

1124 3903 1239 3985 cis
1285 3901 1802 4014 Spalatensis
1846 3901 2130 3983 titulus
2176 3900 2483 3982 inditus
2534 3899 2660 3997 sit,
2717 3927 2888 4009 quo

1126 4095 1317 4150 eum
1410 4094 1636 4148 anno
1720 4087 2038 4151 MCDIII
2121 4065 2626 4148 honoratum
2701 4092 2888 4146 esse

1126 4246 1473 4330 constat,
1562 4232 1751 4314 inde
1827 4245 2073 4342 patet,
2161 4232 2535 4313 codicem
2616 4257 2889 4340 neque

1126 4411 1317 4480 ante
1392 4397 1611 4478 hunc
1691 4424 2005 4479 annum
2079 4424 2352 4507 neque
2425 4423 2630 4477 vero
2696 4410 2891 4505 post

1126 4591 1439 4646 annum
1494 4584 1876 4660 MCDXV,
1946 4590 2116 4673 quo
2180 4590 2407 4644 mors
2462 4562 2892 4671 repentina

1127 4730 1427 4811 ducern
1492 4727 1980 4837 absumpsit,
2048 4728 2444 4837 scripturn
2513 4754 2723 4809 esse.

1280 4895 1636 4976 Summa
1699 4893 1877 4974 libri
1947 4893 2356 4975 eiusmodi
2425 4905 2571 4989 est,
2648 4907 2739 4975 ut
2809 4893 2890 4973 in

1126 5087 1372 5141 usum
1410 5059 1873 5156 missarum,
1922 5059 2383 5141 secundum
2429 5059 2674 5140 ritum
2715 5059 2892 5139 Ro-

1128 5253 1494 5322 manum,
1551 5225 1689 5335 qui
1746 5225 1824 5306 in
1881 5224 2229 5306 ecclesia
2281 5223 2684 5306 catholica
2737 5223 2892 5305 ob-

1125 5404 1523 5488 servatur,
1581 5391 1729 5472 sed
1785 5390 2071 5501 lingua
2112 5390 2422 5472 slavica
2464 5388 2892 5471 celebran-

1126 5556 1420 5637 darum
1489 5582 1683 5637 eurn
1750 5555 2251 5638 destinatum
2319 5555 2572 5635 fuisse
2640 5581 2890 5635 nemo

1131 5748 1299 5802 non
1338 5720 1637 5802 videat.
1688 5722 2007 5801 Verum
2046 5734 2257 5803 teste
2290 5719 2632 5801 historia
2672 5719 2889 5800 idem

1128 5885 1260 5967 ille
1330 5885 1707 5966 Hervoia
1770 5886 2218 5967 maximam
2286 5898 2603 5995 partem
2669 5884 2890 5965 vitae

1126 6051 1376 6133 fidem
1451 6051 1936 6133 catholicam
2024 6079 2431 6161 respuens
2505 6050 2888 6160 degebat.

3101 918 3406 999 Adhuc
3463 920 3769 1001 nostris
3824 920 4346 1028 temporibus
4403 920 4863 1018 Bononiae,

3103 1084 3182 1164 in
3214 1085 3418 1166 urbe
3451 1084 3754 1181 Italiae,
3796 1084 4002 1165 liber
4047 1087 4657 1196 manuscriptus
4693 1114 4865 1168 ser-

3101 1262 3361 1346 vatur,
3421 1276 3589 1360 quo
3636 1252 4093 1332 Patarenae
4135 1251 4504 1332 haeresis
4546 1251 4868 1333 assecla

3101 1415 3354 1497 fuisse
3392 1415 3888 1525 coarguitur.
3940 1415 4341 1497 Codicem
4376 1416 4561 1498 dico
4587 1416 4863 1513 Hvali,

3100 1608 3325 1662 anno
3399 1602 3713 1665 MCDIV
3792 1579 4078 1662 litteris
4153 1581 4529 1690 cyrillicis
4612 1582 4867 1692 scrip-

3098 1760 3298 1843 turn,
3358 1773 3610 1857 quern
3657 1747 3947 1844 scriba,
4012 1747 4149 1856 qui
4205 1774 4295 1829 se
4353 1747 4531 1857 ipse
4577 1749 4867 1859 Bogo-

3102 1912 3393 1994 milum
3475 1912 3654 1993 sive
3729 1914 4228 1994 Patarenum
4312 1913 4864 2022 praedicabat,

3104 2078 3531 2159 Hervoiae
3576 2105 3902 2159 sacrum
3950 2105 4136 2160 esse
4175 2078 4462 2176 voluit,
4512 2080 4592 2161 id
4638 2080 4866 2189 quod

3102 2244 3235 2325 ille
3300 2244 3639 2354 quidem
3697 2271 3866 2325 non
3922 2244 4274 2340 fecisset,
4344 2245 4496 2326 nisi
4565 2244 4865 2327 ducern

3100 2410 3182 2492 in
3259 2436 3611 2491 numero
3686 2410 4104 2492 fautorum
4181 2410 4548 2492 haeresis
4622 2413 4867 2494 Pata-

3100 2603 3348 2657 renae
3404 2576 3854 2657 habuisset.
3948 2576 4151 2657 Inde
4220 2576 4610 2686 equidem
4664 2604 4866 2658 con-

3079 2742 3487 2823 ·cluserim
3533 2742 3911 2823 codicem
3958 2756 4339 2824 nostrum
4375 2743 4627 2853 paulo
4673 2759 4868 2855 post

3099 2935 3413 2989 annum
3480 2928 3795 2993 MCDIV
3851 2908 4078 2990 iussu
4143 2909 4570 2990 Hervoiae
4632 2938 4863 2992 com-

3100 3073 3466 3184 positum
3543 3100 3755 3155 esse.
3886 3074 4052 3181 Qui
4120 3101 4319 3155 num
4386 3074 4544 3155 sub
4612 3074 4864 3156 finem

3100 3239 3319 3320 vitae
3433 3239 3816 3321 haeresin
3928 3239 4424 3321 Patarenani
4538 3239 4867 3321 abiura-

3101 3404 3330 3501 verit,
3400 3431 3680 3514 quove
3742 3430 3966 3485 anno
4033 3403 4116 3485 id
4181 3404 4480 3501 fecerit,
4550 3431 4866 3515 nequa-

3101 3597 3352 3680 quam
3428 3583 3556 3651 est
3629 3569 3710 3650 in
3782 3582 4096 3679 aperto,
4214 3570 4389 3651 Sed
4464 3570 4865 3680 quamdiu

3102 3736 3562 3818 doctrinam
3628 3736 4000 3845 ritusque
4056 3735 4521 3818 haereticos
4575 3736 4867 3818 obser-

3103 3901 3375 3998 vabat,
3431 3901 3766 4012 linguae
3811 3901 4172 3983 slavicae
4218 3901 4301 3983 in
4347 3900 4677 4011 liturgia
4718 3902 4867 3983 ad-

3101 4066 3510 4148 hibendae
3593 4066 3812 4148 adeo
3894 4079 4357 4163 asueverat,
4445 4080 4536 4148 ut
4619 4067 4866 4148 etiam
4967 4085 4975 4092 ·

3101 4246 3420 4342 postea,
3505 4232 3574 4312 si
3657 4259 3745 4313 re
3818 4259 4018 4313 vera
4101 4232 4180 4312 in
4255 4232 4531 4312 sinum
4606 4231 4867 4314 eccle-

3100 4397 3272 4479 siae
3327 4398 3764 4478 Romanae
3819 4397 4314 4493 revertisset,
4381 4397 4610 4506 quod
4665 4424 4867 4478 num

3101 4562 3639 4645 statuendum
3731 4562 3856 4659 sit,
3951 4562 4327 4644 dubitare
4419 4562 4633 4658 licet,
4727 4561 4868 4644 vix

3102 4727 3337 4809 aliter
3379 4741 3628 4837 atque
3671 4726 4263 4838 glagolitarum
4316 4754 4549 4809 more
4600 4727 4870 4809 officia

3103 4893 3497 4975 celebrari
3596 4920 3788 4975 eurn
3888 4893 4261 4975 voluisse
4357 4893 4865 4975 credendum

3103 5059 3228 5141 sit.
3325 5059 3517 5139 Hoc
3590 5085 3862 5140 rerum
3937 5071 4155 5141 statu
4230 5073 4633 5168 respectO,
4711 5058 4865 5140 nisi

3103 5223 3361 5321 fallor,
3428 5236 3720 5305 natura
3770 5224 4080 5305 codicis
4134 5224 4335 5306 satis
4391 5223 4863 5334 explicatur.

3256 5391 3430 5470 Iam
3474 5389 3603 5469 cui
3645 5388 3832 5469 loco
3873 5403 4017 5471 aut
4060 5389 4188 5470 cui
4226 5390 4626 5471 ecclesiae
4663 5390 4869 5471 liber

3104 5555 3333 5636 dono
3409 5553 3653 5635 datus
3727 5553 3851 5651 sit,
3929 5554 4206 5636 verbis
4280 5555 4619 5664 quidem
4696 5582 4865 5635 non

3104 5733 3497 5817 narratur,
3566 5732 3760 5800 sunt
3823 5730 4101 5800 tamen
4177 5719 4256 5800 in
4328 5720 4614 5802 codice
4680 5721 4866 5831 ipso

3106 5883 3506 5966 nonnulla
3551 5884 3867 5981 indicia,
3926 5911 4028 5965 ex
4081 5884 4383 5994 quibus
4429 5884 4863 5966 ecclesiam

3106 6049 3325 6132 illam
3378 6050 3456 6131 in
3506 6049 3931 6132 Dalmatia
3981 6049 4235 6131 fuisse
4288 6048 4656 6159 colligas,
4727 6050 4865 6131 Ad
