5559 7392
2253 698 2813 765 ,ωὖ-

665 939 771 1020 ab
827 940 1127 1021 usitata
1181 939 1499 1022 ratione
1553 939 1800 1020 medii
1854 939 2062 1035 aevi,
2116 940 2220 1021 de
2264 966 2429 1048 qua

667 1105 1141 1213 nuperrime
1225 1105 1636 1214 sagaciter
1717 1105 2095 1185 tractavit
2160 1106 2262 1185 V.
2334 1106 2425 1187 C.

1770 1271 2002 1367 „Der
2107 1270 2428 1352 Bilder-

666 1435 1065 1516 schmuck
1130 1436 1207 1517 in
1277 1436 1437 1518 den
1497 1436 2220 1517 Sacramentarien
2278 1438 2427 1518 des

666 1269 1090 1351 Antonius
1198 1270 1607 1380 Springer
1639 1299 1653 1352 :

666 1600 955 1682 friihen
1041 1601 1657 1697 Μίῐῒ6131ῖ6ῑε“,
1746 1602 2092 1712 Leipzig
2179 1603 2424 1707 1889,

539 1803 542 1806 Δ
664 1767 991 1870 recedit.
1060 1768 1284 1848 Ante
1339 1768 2017 1877 praeparationes
2072 1767 2176 1848 ad
2235 1768 2428 1848 mis-

664 1959 843 2012 sam
929 1959 1116 2042 pag.
1184 1934 1343 2014 136
1399 1962 1453 2013 v
1537 1933 2072 2014 simulacrum
2147 1933 2427 2016 altaris

663 2124 884 2177 cum·
938 2097 1448 2206 supellectile
1530 2098 1907 2208 liturgica
1991 2112 2072 2180 et
2152 2125 2424 2181 sacer-

663 2261 860 2342 dote
928 2274 1009 2343 et
1073 2262 1588 2346 ministrante
1653 2264 1910 2345 veluti
1987 2264 2423 2346 exordium

1426 3908 1540 3970 Fig.
1564 3918 1644 3969 35.

654 4062 1211 4212 praemissum
1260 4115 1406 4199 est,
1461 4129 1654 4212 pag.
1705 4104 1867 4206 139
1913 4103 2111 4184 illud
2169 4130 2418 4200 „vere

1992 4295 2181 4379 pag.
2254 4293 2415 4372 140

655 4433 855 4515 illud
939 4446 1069 4532 „te
1137 4434 1433 4542 igitur“
1510 4434 1617 4544 (v.
1674 4434 1810 4544 fig.
1870 4433 2014 4544 32)
2091 4434 2414 4516 initiali-

655 4268 1002 4378 dignum
1101 4281 1182 4350 et
1277 4268 1586 4348 iustum
1685 4278 1893 4366 est“,

656 4599 812 4681 bus
870 4600 1260 4709 insignita
1313 4612 1506 4681 sunt
1561 4612 1642 4681 et
1696 4599 1905 4681 inter
1957 4601 2160 4681 haec
2225 4628 2414 4711 pag.

669 4791 829 4870 139
876 4795 929 4847 v
1013 4765 1549 4846 simulacrum
1633 4778 1903 4848 totum
1991 4766 2415 4849 Christum

649 4931 861 5012 cruci
919 4931 1175 5012 fixum
1230 4932 1438 5013 inter
1490 4931 1843 5011 Mariam
1891 4943 1972 5012 et
2013 4932 2413 5012 Ioannem

649 5097 1121 5206 exprimens
1213 5098 1580 5206 positum
1666 5108 1813 5194 est,
1906 5097 2134 5206 quod
2224 5125 2412 5180 cum

647 5262 1058 5343 sacerdoti
1161 5290 1263 5343 ex
1365 5290 1598 5343 more
1699 5235 2108 5343 canonem
2211 5263 2414 5345 reci-

647 5428 847 5508 tanti
934 5428 1228 5509 osculo
1322 5426 1836 5538 tangendam
1922 5441 2164 5523 esset,
2260 5429 2408 5526 hic,

647 5607 736 5675 ut
832 5594 911 5675 in
1018 5593 1199 5676 aliis
1298 5621 1640 5703 quoque
1748 5594 2410 5676 sacramentariis

646 5758 817 5839 fieri
885 5759 1120 5856 solet,
1190 5759 1355 5841 fere
1421 5759 1790 5840 deletum
1858 5771 2003 5839 est.

800 5924 1196 6005 Notabile
1294 5935 1573 6005 autem
1681 5937 1835 6020 est,
1946 5923 2175 6034 quod
2274 5924 2408 6006 illa

644 6112 737 6187 Ὗ,
837 6118 938 6170 ex
1021 6118 1188 6200 qua
1268 6090 1754 6200 glagolitica
1836 6091 2121 6200 lingua
2204 6089 2404 6171 illud

2651 967 2900 1036 „vere
2985 941 3335 1049 dignum
3422 955 3503 1024 et
3587 943 3893 1025 iustum
3978 953 4151 1025 est“
4258 972 4402 1024 ex-

2642 1106 2980 1203 orditur,
3049 1134 3558 1216 quamquam
3618 1109 3852 1189 flexis
3917 1109 4165 1219 cygni
4232 1109 4403 1190 col-

2642 1272 2739 1353 lis
2799 1286 3091 1354 ornata
3146 1286 3293 1371 est,
3361 1287 3642 1356 tamen
3702 1288 3991 1356 contra
4046 1302 4404 1355 consue-

2642 1437 3016 1518 tudinem
3104 1466 3375 1548 neque
3462 1440 4034 1549 magnitudine
4129 1466 4403 1548 neque

2641 1617 3137 1685 ornamento
3220 1632 3270 1685 a
3343 1605 3634 1686 ceteris
3719 1605 4165 1687 initialibus
4248 1605 4401 1686 dif-

2641 1768 2813 1851 fert.
2933 1769 3107 1850 Sed
3191 1769 3462 1852 littera
3543 1773 3619 1852 T
3702 1772 3783 1852 in
3880 1785 4009 1868 „te
4096 1772 4392 1880 igitur“

2640 1935 2805 2014 iam
2888 1936 3408 2044 saepimento
3485 1938 3920 2046 quadratO,
4007 1938 4237 2045 quod
4322 1937 4402 2017 in

2639 2098 2801 2180 hoc
2872 2101 3159 2182 codice
3237 2102 3389 2183 nisi
3467 2131 3653 2185 raro
3729 2131 3897 2185 non
3977 2104 4400 2214 reperitur,

2639 2291 2839 2374 prae
2906 2267 3199 2348 ceteris
3265 2268 3761 2350 eminentior
3825 2269 4036 2351 facta
4101 2283 4227 2353 est
4294 2271 4399 2380 (v.

2638 2430 2773 2540 fig.
2827 2429 2994 2539 32).
3089 2433 3733 2542 Elegantissime
3790 2462 3996 2516 vero
4052 2463 4240 2546 pag.
4299 2460 4399 2538 14

2637 2596 2836 2677 illud
2912 2598 3210 2694 „Pater
3275 2610 3606 2682 noster“
3686 2615 4180 2684 exornatum
4249 2614 4396 2698 est,

2634 2789 2824 2843 cum
2913 2762 3139 2845 iuxta
3220 2765 3481 2847 verba
3568 2767 4069 2875 precationis
4154 2780 4403 2878 caput

2636 2928 2940 3011 Christi
3021 2930 3100 3011 in
3176 2957 3440 3040 parvo
3508 2932 3831 3042 quadro
3906 2960 4163 3015 aureo
4230 2934 4399 3043 pic-

2637 3110 2813 3177 tum
2881 3109 3007 3178 est
3071 3097 3461 3207 positum.

2788 3264 3051 3345 Mirae
3118 3277 3199 3346 et
3265 3265 3634 3375 insignes
3700 3266 3780 3347 in
3840 3266 4398 3377 descriptione

2633 3429 2925 3511 tertiae
3008 3442 3281 3512 textus
3364 3432 3620 3541 partis
3710 3445 3906 3514 sunt
3987 3433 4431 3543 imagines·

2633 3594 3061 3693 fastorum,
3192 3624 3383 3679 cum
3510 3598 3740 3679 initio
3870 3599 4395 3709 singulorum

2632 3762 3046 3843 mensium
3131 3763 3210 3843 in
3296 3764 3706 3872 quadrato
3791 3765 4135 3847 minoris
4217 3766 4397 3849 lati-

2630 3926 2940 4009 tudinis
3014 3955 3268 4037 quam
3346 3942 3472 4011 est
3536 3929 3885 4012 latitudo
3952 3931 4396 4014 columnae

2628 4094 2906 4204 aliqua
2997 4094 3264 4203 figura
3353 4123 3541 4177 cum
3634 4097 3944 4179 mensis
4035 4098 4397 4207 negotiis

2630 4260 2906 4368 posita
2971 4273 3098 4342 est
3163 4260 3269 4370 (v.
3318 4261 3453 4371 fig.
3508 4282 3582 4367 7,
3640 4264 3717 4359 8,
3776 4288 3852 4366 9,
3917 4262 4072 4372 lo),
4142 4275 4393 4374 atque

2629 4427 2758 4508 hic
2857 4427 3309 4509 nonnullae
3409 4428 3822 4510 notabiles
3916 4429 4393 4539 discrepan-

2631 4593 2793 4675 tiae
2846 4621 2896 4673 a
2950 4593 3195 4674 solita
3257 4594 3467 4675 serie
3534 4593 4088 4676 inveniuntur.
4175 4595 4393 4676 Cum

2629 4788 2835 4842 vero
2903 4760 3255 4841 discerni
3324 4772 3703 4870 nequeat,
3773 4772 4049 4841 utrum
4107 4760 4421 4869 singu·¹

2629 4927 2757 5007 lae
2823 4925 3508 5007 adumbrationes
3583 4925 3711 5006 hic
3777 4952 4116 5035 quoque
4183 4954 4233 5006 a
4297 4925 4392 5006 li-

2627 5092 2903 5174 brario
2980 5093 3535 5203 praescriptae
3610 5120 3716 5173 an
3783 5093 3942 5174 alia
4007 5094 4393 5203 exempla

2626 5259 2811 5340 usui
2888 5259 3206 5355 fuerint,
3286 5269 3582 5368 postea
3657 5258 3762 5340 de
3836 5258 3933 5340 iis
4008 5259 4390 5341 tractabi-

2625 5451 2815 5506 mus
2892 5437 3068 5506 tum
3143 5425 3508 5522 demum,
3593 5452 3781 5505 cum
3858 5425 3961 5506 de
4037 5452 4386 5534 compo-

2624 5592 2923 5673 sitione
2996 5605 3311 5702 agetur.

2774 5759 2867 5839 In
2952 5771 3245 5867 quarta
3326 5770 3559 5868 parte
3654 5759 4095 5840 missarum
4192 5786 4386 5867 pro-

2622 5924 2983 6033 priarum
3076 5922 3354 6004 Butko
3450 5923 3709 6005 semel
3796 5923 4385 6004 tantummodo

2620 6089 2700 6170 in
2788 6089 3044 6171 missa
3129 6089 3288 6170 diei
3381 6090 3696 6170 Mariae
3793 6089 4385 6197 purificationis
