5559 7392
2713 717 2808 726 ·--
2934 696 3068 745 102
3185 716 3280 725 ·-

1127 939 1526 1019 Ioannem
1595 937 1791 1019 feria
1856 958 1958 1020 VI
2026 936 2361 1017 maioris
2427 935 2892 1017 hebdoma-

1126 1103 1253 1185 dis
1336 1102 1958 1211 semiimagines
2040 1101 2342 1210 angeli,
2429 1101 2695 1183 leonis
2780 1102 2886 1211 (v.

1125 1269 1262 1378 fig.
1315 1266 1482 1376 36),
1568 1268 1825 1364 vituli,
1911 1267 2262 1377 aquilae.
2378 1267 2517 1348 Ad
2601 1278 2893 1376 pente-

1127 1446 1442 1530 costen,
1560 1433 1793 1514 cuius
1907 1434 2441 1543 euangelium
2556 1432 2894 1514 Ioannis

1126 1621 1332 1698 XIV,
1407 1601 1762 1682 23—31
1844 1627 2015 1681 non
2093 1600 2574 1682 historicum
2641 1624 2893 1708 argu-

1129 1777 1536 1861 mentum,
1623 1764 1773 1846 sed
1861 1763 2165 1845 Christi
2248 1764 2895 1872 promissionem

1128 1931 1235 2013 de
1292 1932 1379 2012 S.
1428 1931 1743 2040 Spiritu
1797 1929 2205 2012 mittendo
2262 1930 2651 2026 continet,
2702 1955 2893 2038 pag.

1144 2122 1302 2178 112
1415 2114 1608 2178 ante
1713 2094 2245 2205 euangelium
2360 2094 2896 2176 simulacrum

1134 2262 1705 2345 sanctissimae
1811 2262 2193 2344 trinitatis
2290 2260 2662 2370 positum
2773 2273 2902 2342 est

1134 2429 1240 2538 (v.
1307 2430 1442 2539 fig.
1511 2427 1654 2537 38)
1741 2441 1822 2510 et
1905 2427 2352 2538 singularis
2438 2427 2573 2508 illa
2658 2440 2898 2508 nota-

1132 2593 1489 2703 bilisque
1563 2593 1795 2691 rati0,
1881 2620 2048 2702 qua
2114 2593 2473 2701 Spiritus
2540 2593 2900 2675 Sanctus

1137 2759 1266 2841 hic
1362 2758 1869 2869 depingitur,
1979 2758 2332 2840 fortasse
2427 2757 2705 2867 aliqua
2801 2785 2901 2839 ex

1134 2939 1366 3036 parte
1408 2937 1853 3035 praecepto
1895 2925 2197 3007 librarii
2239 2925 2608 3007 debetur.
2678 2926 2901 3005 Nam

1134 3091 1336 3173 satis
1391 3091 1692 3173 mirum
1739 3102 1888 3187 est,
1946 3089 2175 3199 quod
2226 3090 2680 3199 imaginem
2729 3116 2901 3170 non

1133 3257 1412 3367 potius
1477 3256 1736 3338 textui
1804 3255 2230 3365 epistulae,
2308 3281 2526 3365 quae
2600 3281 2901 3335 secun-

1136 3424 1338 3506 dum
1440 3437 1625 3505 acta
1719 3423 2303 3531 apostolorum
2398 3442 2498 3523 ΙΙ,
2611 3446 2895 3503 1-—12

1134 3589 1591 3671 adventum
1646 3588 2006 3698 Spiritus
2061 3586 2347 3668 Sancti
2404 3597 2698 3684 narrat,
2755 3586 2903 3667 ad-

1137 3756 1369 3853 iecit;
1476 3755 1607 3836 hic
1704 3753 1925 3835 enim
2022 3752 2462 3834 historicae
2559 3752 2898 3862 imagini

1138 3922 1301 4003 iam
1366 3932 1655 4030 parata
1719 3932 1829 4001 et·
1866 3919 2166 4001 usitata
2230 3919 2498 4000 forma
2562 3929 2899 4027 praesto

1136 4087 1458 4184 fuisset,
1564 4114 1779 4196 quae
1870 4086 2078 4168 ratio
2176 4113 2280 4166 eo
2374 4084 2644 4194 magis
2742 4111 2900 4166 nos

1139 4253 1397 4334 miros
1451 4252 1703 4334 debet
1755 4251 2084 4349 habere,
2151 4251 2382 4361 quod
2435 4252 2640 4333 alias
2694 4278 2903 4360 quo-

1139 4446 1304 4528 que
1369 4418 1768 4527 epistulas
1827 4417 2161 4527 picturis
2220 4418 2678 4526 quadratae
2743 4416 2902 4497 for-

1140 4612 1326 4666 mae
1418 4597 1501 4666 et
1590 4584 2040 4667 latitudinis
2132 4584 2575 4665 columnae
2660 4610 2904 4664 orna-

1138 4751 1277 4846 vit,
1346 4763 1436 4832 ut
1501 4750 1942 4859 epistulam
2009 4749 2258 4831 feriae
2333 4769 2424 4832 II.
2494 4761 2689 4858 post
2754 4748 2906 4830 do-

1140 4915 1526 4997 minicam
1574 4916 1992 5024 passionis
2050 4917 2327 5025 (Ionas
2371 4935 2503 5012 III,
2566 4914 2904 5023 1—10),

1142 5081 1281 5162 ubi
1381 5082 1586 5163 Iona
1679 5094 1872 5164 ante
1970 5108 2257 5192 regem
2354 5081 2731 5178 Ninives,
2829 5093 2911 5162 et

1142 5246 1581 5356 epistulam
1639 5247 1887 5328 feriae
1942 5268 2070 5330 III.
2141 5259 2335 5357 post
2399 5246 2909 5328 dominicam

1143 5413 1559 5522 passionis
1628 5413 1959 5523 (Daniel
2016 5433 2225 5515 XIII,
2285 5411 2696 5521 28—42),
2765 5412 2908 5493 ubi

1144 5579 1446 5660 Daniel
1515 5579 1594 5659 in
1662 5579 1844 5660 lacu
1911 5579 2246 5660 leonem
2313 5578 2807 5688 depingitur.

1292 5744 1487 5862 Alia
1550 5744 1898 5825 ornandi
1965 5745 2195 5842 ratio,
2264 5772 2480 5854 quae
2536 5772 2725 5826 cum
2785 5772 2911 5826 ra-

1142 5910 1371 5991 tione
1435 5909 1844 5991 historicis
1908 5911 2182 5991 scenis
2240 5910 2702 5992 illustrandi
2770 5938 2907 5990 va-

1144 6075 1314 6171 riat,
1384 6074 1464 6155 in
1532 6102 1635 6155 eo
1693 6075 1968 6184 posita
2032 6089 2177 6170 est,
2248 6075 2477 6185 quod
2547 6074 2917 6158 lectioni-

3105 936 3262 1018 bus
3347 937 3480 1018 vel
3569 937 3941 1046 epistulis
4017 938 4150 1018 vel
4238 937 4697 1048 euangeliis
4773 938 4874 1019 si-

3106 1102 3474 1184 mulacra
3567 1100 4106 1211 adponuntur
4199 1115 4584 1184 auctores
4680 1130 4874 1212 pec-

3105 1282 3285 1351 tore
3384 1280 3527 1349 aut
3629 1295 3856 1378 genu
3949 1280 4193 1350 tenus
4289 1268 4870 1377 exprimentia3

3108 1433 3366 1515 semel
3423 1433 3672 1515 etiam
3728 1444 3906 1515 tota
3958 1434 4226 1543 figura
4278 1432 4646 1543 conspici
4692 1446 4878 1542 pot-

3110 1612 3276 1695 est;
3356 1599 3633 1709 itaque
3699 1599 3958 1681 semel
4026 1599 4337 1680 Paulus
4403 1625 4593 1708 pag.
4643 1600 4695 1680 3
4769 1600 4872 1708 (v.

3108 1767 3244 1877 fig·
3300 1765 3418 1872 4),

3125 1955 3309 2039 115,
3379 1946 3675 2043 quater
3740 1934 4101 2014 Ioannes
4167 1958 4356 2042 pag.
4421 1956 4606 2028 100,
4689 1956 4874 2027 101,

3502 1777 3627 1848 ter
3705 1767 3980 1848 Lucas
4053 1792 4243 1875 pag.
4308 1789 4418 1868 42
4472 1795 4550 1864 v,
4627 1766 4738 1871 65
4795 1794 4873 1863 v,

3127 2101 3311 2197 103,
3413 2099 3575 2180 118
3630 2127 3686 2180 v
3781 2097 3886 2207 (v.
3953 2098 4091 2208 fig.
4163 2096 4334 2206 41),
4434 2097 4877 2207 quinquies

3113 2265 3571 2375 prophetae
3666 2290 3855 2374 pag.
3920 2285 4016 2369 17
4104 2264 4414 2359 Isaeos,
4513 2290 4702 2374 pag.
4761 2284 4878 2369 50

3114 2430 3416 2512 Daniel
3485 2431 3712 2528 lociS,
3789 2429 4096 2540 quibus
4161 2456 4454 2511 eorum
4522 2428 4702 2511 libri
4768 2429 4880 2510 ci-

3113 2608 3411 2692 tantur,
3506 2596 3656 2679 sed
3746 2595 3854 2677 ad
3949 2595 4392 2706 epistulam
4484 2594 4733 2676 feriae
4812 2615 4880 2675 V

3115 2775 3310 2874 post
3363 2786 3468 2848 IV
3520 2762 3831 2843 domin.
3888 2736 4604 2871 quadragesimae,
4660 2786 4879 2869 quae

3116 2959 3218 3013 ex
3316 2931 3527 3012 libro
3625 2929 3964 3040 Regum
4063 2951 4148 3032 4,
4252 2927 4622 3031 25—38
4731 2925 4878 3006 de-

3115 3109 3450 3206 sumpta
3553 3106 3700 3191 est,
3810 3105 4102 3174 auctor
4213 3119 4385 3172 non
4500 3089 4873 3172 nomina-

3113 3276 3287 3358 tur;
3364 3275 3449 3343 at
3512 3286 3716 3342 vero
3793 3284 3983 3368 pag.
4034 3258 4148 3362 56
4193 3286 4248 3337 v
4323 3257 4608 3366 imago
4683 3283 4881 3365 pro-

3115 3427 3414 3538 phetae
3499 3426 3715 3507 illius
3798 3423 4129 3529 Elisaei,
4214 3422 4354 3532 qui
4440 3421 4879 3532 quomodo

3115 3593 3372 3674 filium
3465 3589 3956 3672 Sunamitae
4039 3616 4089 3670 a
4171 3600 4441 3669 morte
4536 3613 4881 3668 revoca-

3113 3758 3344 3855 verit,
3453 3756 3594 3837 illo
3700 3768 3930 3838 textu
4040 3766 4413 3835 narratur
4518 3752 4882 3861 itemque

3112 3922 3219 4005 ad
3296 3922 3737 4032 epistulam
3816 3920 4063 4002 feriae
4125 3941 4231 4002 VI
4304 3932 4500 4029 post
4570 3940 4675 4003 IV
4730 3918 4884 4000 do-

3115 4090 3309 4170 min.
3403 4086 4097 4197 quadragesimae
4189 4113 4378 4195 pag.
4449 4106 4563 4191 57
4632 4114 4688 4166 v
4771 4086 4881 4166 si-

3117 4253 3577 4336 mulacrum
3633 4252 4092 4362 prophetae
4145 4252 4402 4347 Eliae,
4465 4252 4605 4360 qui
4670 4278 4883 4360 quo-

3119 4419 3377 4500 modo
3503 4418 3762 4499 filium
3875 4417 4181 4499 viduae
4306 4416 4882 4527 Sarephtanae

3117 4584 3527 4666 revocarit
3617 4583 3972 4693 epistula
4067 4604 4173 4666 III
4269 4582 4447 4664 libri
4541 4583 4881 4691 Regum

3119 4762 3874 4846 commemoratur;
3983 4775 4136 4830 nec
4231 4775 4400 4829 non
4506 4747 4613 4829 ad
4712 4746 4883 4856 epi-

3120 4917 3423 4999 stulam
3527 4915 3774 4997 feriae
3874 4936 3966 4998 II.
4063 4927 4257 5024 post
4346 4935 4474 4997 III.
4571 4913 4881 4994 domin.

3120 5080 3835 5191 quadragesimae,
3904 5080 4044 5162 ubi
4111 5079 4574 5161 secundum
4639 5100 4764 5162 IV.
4835 5079 4882 5160 l.

3125 5247 3460 5356 Regum
3527 5267 3604 5352 5,
3676 5247 3945 5327 1—16
4010 5233 4301 5327 similis
4365 5244 4573 5325 ratio
4640 5244 4886 5325 inter-

3122 5411 3368 5509 cedit,
3466 5411 3617 5492 nisi
3712 5410 3941 5520 quod
4035 5410 4225 5492 loco
4327 5409 4630 5491 Elisaei
4726 5409 4887 5490 huc

3125 5576 3529 5659 referendi
3595 5578 3825 5660 Elias
3891 5578 4267 5687 depictus
4332 5590 4480 5673 est,
4548 5576 4655 5659 de
4722 5604 4888 5686 qua

3126 5770 3212 5825 re
3277 5743 3482 5824 infra
3546 5743 4120 5854 disputabitur.

3279 5910 3739 5991 Exornatio
3822 5921 4103 5990 autem
4186 5910 4522 5992 alterius
4612 5921 4888 5990 textus

3127 6075 3403 6185 partiS,
3498 6075 3684 6157 dico
3767 6075 4133 6172 canoniS,
4230 6075 4450 6156 haud
4534 6073 4888 6155 multum
