5559 7392
2732 671 3038 733 —VI

1119 932 1425 1014 randas
1520 959 1706 1013 esse
1803 930 2157 1012 dubitari
2262 959 2609 1042 prorsus
2710 959 2881 1014 non

1115 1109 1419 1207 potest,
1497 1097 1692 1178 nihil
1769 1096 1995 1179 aliud
2071 1111 2287 1194 sunt,
2366 1126 2620 1208 quam
2695 1098 2879 1197 hoc,

1117 1264 1222 1346 de
1300 1291 1469 1374 quo
1548 1264 2055 1361 disserimuS,
2143 1266 2570 1348 Hervoiae
2646 1266 2881 1349 ducis

1118 1430 1638 1540 Spalatensis
1705 1430 2064 1513 missale.

1265 1598 1524 1679 Anno
1648 1597 1865 1678 1862
1976 1597 2346 1680 eruditae
2460 1598 2882 1681 societatis

1113 1763 1600 1873 Hungariae
1673 1762 2041 1859 sodales,
2128 1765 2622 1847 Franciscus
2708 1767 2884 1848 Ku-

1117 1927 1343 2036 binyi
1438 1941 1521 2009 et
1611 1928 2045 2011 Emericus
2129 1930 2707 2012 Henszlmann
2801 1946 2883 2014 et

1115 2092 1549 2175 Arnoldus
1668 2094 1932 2203 Ipolyi
2053 2095 2879 2206 Constantinopolim

1114 2258 1458 2367 profecti
1529 2273 1745 2355 sunt,
1814 2261 1953 2370 qui
2020 2260 2125 2342 de
2187 2262 2559 2344 Corvina
2628 2290 2883 2372 quae-

1113 2437 1410 2505 rerent.
1525 2424 1646 2506 Illi
1745 2440 2162 2534 repertum
2259 2427 2421 2509 hoc
2515 2429 2878 2526 missale,

1114 2590 1543 2671 Hervoiae
1628 2590 1861 2672 ducis
1944 2592 2201 2675 fuisse
2293 2608 2882 2705 cognoverunt

1113 2755 1520 2865 primique
1581 2757 2008 2839 Hervoiae
2075 2759 2450 2841 codicem
2507 2760 2881 2870 appella-

1113 2934 1303 3002 runt
1375 2921 1675 3003 librum
1751 2922 1991 3021 hunc,
2069 2952 2239 3034 quo
2316 2924 2474 3007 sub
2540 2926 2881 3009 nomine

1114 3086 1194 3167 in
1279 3087 1635 3169 indicem
1720 3118 1769 3169 a
1852 3091 2016 3170 Dte
2090 3090 2456 3173 Ernesto
2529 3091 2883 3174 Dethier

1116 3252 1346 3334 iussu
1401 3253 1781 3335 eiusdem
1838 3256 2258 3339 societatis
2313 3258 2877 3367 compositum

1114 3418 1423 3501 relatus
1490 3433 1637 3502 est.

1261 3584 1467 3667 Post
1568 3586 1943 3669 eruditos
2040 3589 2319 3697 gentis
2417 3589 2878 3700 Hungaro-

1115 3777 1300 3831 rum
1324 3751 1895 3833 Tischendorf
1918 3753 2391 3835 membrum
2426 3783 2477 3835 a
2510 3755 2879 3837 consiliis

1115 3915 1434 4025 imperii
1491 3916 1820 3999 Russici
1874 3918 2300 4029 publicum
2360 3920 2467 4002 ad
2533 3921 2879 4004 manda-

1112 4093 1290 4162 tum
1346 4080 1871 4191 imperatoris
1928 4085 2404 4167 Russorum
2460 4086 2879 4169 Constan-

1111 4247 1553 4357 tinopolim
1629 4250 2050 4358 profectus
2127 4251 2557 4334 Hervoiae
2642 4253 2877 4335 ducis

1115 4414 1450 4496 missale
1510 4442 1797 4497 secum
1860 4418 2377 4528 Petropolim
2429 4419 2877 4502 abstulisse

1113 4579 1424 4679 dicitur,
1505 4583 1734 4693 quod
1802 4611 2002 4665 num
2070 4585 2374 4667 factum
2440 4585 2566 4681 sit,
2635 4585 2877 4667 dubi-

1110 4748 1259 4829 tari
1327 4724 1535 4831 li'eet.
2054 4721 2059 4729 ’

1262 4915 1466 4996 Inde
1542 4914 1650 4996 ab
1723 4941 1947 4995 anno
2030 4915 2248 4996 1862
2329 4915 2650 4997 erudita
2731 4942 2876 4996 so-

1111 5081 1367 5162 cietas
1461 5081 1949 5190 Hungarica
2042 5081 2325 5163 varios
2425 5082 2640 5191 cepit
2734 5109 2878 5164 co-

1115 5262 1359 5330 natus
1473 5274 1834 5358 magnae
1952 5247 2163 5329 forte
2277 5247 2880 5358 peregrinatio-

1116 5414 1242 5495 nis
1327 5427 1578 5524 atque
1665 5426 1919 5510 erant,
2019 5414 2158 5524 qui
2245 5414 2547 5495 ardore
2632 5413 2878 5495 huius

1114 5579 1524 5688 propositi
1653 5580 2387 5675 inflammarentur,
2519 5578 2879 5661 iucunda

1114 5772 1312 5854 spes
1375 5760 1657 5828 tamen
1732 5746 1839 5827 ad
1907 5745 2219 5827 irritum
2289 5745 2662 5855 collapsa
2726 5757 2875 5843 est,

1116 5939 1626 6022 quamquam
1708 5912 1900 5994 aula
1964 5912 2317 5994 Turcica
2398 5911 2524 5993 his
2600 5910 2879 5993 consi-

1116 6081 1242 6162 liis
1308 6080 1672 6190 benigne
1740 6080 1960 6162 favit.

3246 931 3505 1012 Anno
3567 931 3790 1036 1869
3848 931 4252 1014 Sultanus
4308 932 4598 1015 Abdul
4658 934 4860 1015 Aziz

3098 1119 3191 1181 ΙΙ.
3280 1099 3679 1206 Augusto
3772 1097 4253 1207 imperatori
4347 1112 4599 1208 atque
4683 1101 4859 1210 regi

3097 1276 3388 1345 nostro
3491 1263 3942 1345 Francisco
4046 1264 4410 1373 Iosepho
4513 1287 4565 1349 Ι.
4668 1292 4857 1346 cum

3094 1429 3201 1510 ad
3276 1429 3816 1540 aperiendam
3891 1429 4209 1511 fossam
4294 1430 4861 1540 navigabilem

3094 1595 3201 1676 ad
3257 1596 3479 1676 Suez
3529 1594 4213 1705 proficisceretur,
4272 1610 4667 1705 quattuor
4718 1624 4861 1678 co-

3096 1760 3323 1842 dices
3390 1760 3950 1843 Corvinianos
4016 1762 4247 1843 dono
4314 1762 4564 1860 dedit,
4643 1790 4860 1873 quos

3095 1953 3240 2007 rex
3306 1940 3595 2008 noster
3657 1926 4173 2037 apostolicus
4250 1954 4549 2009 museo
4619 1930 4862 2011 Hun-

3093 2092 3376 2202 gariae
3444 2093 3779 2202 publico
3847 2093 4293 2175 liberaliter
4358 2094 4728 2177 donavit.

3246 2259 3458 2342 Aliis
3541 2260 3879 2371 triginta
3972 2260 4345 2371 quinque
4434 2261 4862 2344 codicibus

3095 2426 3631 2508 Corvinianis
3752 2454 3978 2508 anno
4109 2428 4327 2534 1877
4456 2428 4860 2510 Sultanus

3094 2593 3565 2675 Turcorum
3683 2593 4193 2703 legationem
4301 2594 4862 2676 universitatis

3094 2758 3868 2868 Budapestiniensis
3934 2772 4418 2841 muneratus
4485 2773 4642 2857 est,
4721 2761 4857 2870 qui

3093 2923 3644 3006 bibliothecae
3689 2924 4068 3007 eiusdem
4123 2925 4684 3009 universitatis
4728 2926 4859 3009 tri-

3094 3089 3585 3172 buebantur.

3243 3256 3632 3337 Arminio
3715 3256 4058 3337 tandem
4140 3256 4597 3367 Vambery·‚
4690 3257 4857 3338 cla-

3093 3423 3424 3504 rissimo
3518 3422 3626 3504 illi
3719 3450 3996 3504 rerum
4102 3423 4628 3504 orientalium
4731 3423 4855 3504 in-

3093 3588 3465 3699 dagatori
3511 3603 3592 3671 et
3633 3589 4092 3699 turcologO,
4142 3590 4562 3687 remansit,
4618 3601 4708 3670 ut
4752 3615 4854 3669 ex

3092 3755 3320 3837 fonte
3403 3754 3805 3837 librorum
3890 3755 4165 3836 media
4246 3767 4518 3837 aetate
4601 3781 4857 3837 manu

3091 3920 3590 4030 scriptorum
3659 3920 4603 4030 Constantinopolitano
4669 3946 4855 4001 om-

3092 4085 3338 4168 nibus
3391 4085 4008 4169 difficultatibus
4065 4086 4413 4168 sublatis
4470 4087 4852 4168 hauriret.

3091 4252 3629 4334 Potissimum
3726 4252 3948 4333 enim
4041 4253 4219 4334 eius
4312 4253 4606 4334 merito
4691 4253 4856 4333 fac-

3089 4431 3267 4500 tum
3344 4431 3493 4515 est,
3579 4432 3669 4500 ut
3747 4417 4153 4500 Sultanus
4237 4418 4851 4528 magnanimus

3091 4583 3378 4665 Abdul
3465 4584 3800 4679 Hamid,
3882 4612 4108 4666 anno
4205 4585 4429 4688 1889
4513 4584 4852 4665 ineunte

3092 4751 3499 4833 eruditam
3563 4751 3842 4861 gentis
3908 4751 4513 4861 Hungarorum
4591 4749 4856 4832 socie-

3090 4931 3345 5000 tatem
3391 4918 3499 4999 ad
3547 4917 4151 5028 perscrutanda
4204 4916 4657 4999 litterarum
4705 4915 4855 4997 do-

3091 5095 3500 5181 cumenta,
3567 5084 3634 5166 si
3698 5083 3807 5165 illi
3864 5084 4306 5181 videretur,
4378 5081 4856 5163 Constanti-

3092 5249 3471 5359 nopolim
3565 5250 3970 5332 invitaret.
4088 5250 4281 5355 Qua
4369 5247 4855 5328 invitatione

3089 5429 3331 5527 grato
3390 5416 3675 5496 animo
3732 5428 4078 5525 accepta
4134 5414 4556 5496 societatis
4612 5412 4856 5495 huius

3092 5580 3453 5678 sodales,
3562 5580 4138 5690 plenissimam
4247 5578 4851 5689 indulgentiam

3093 5747 3561 5828 Caesareae
3645 5745 4094 5854 regiaeque
4172 5719 4636 5826 Maiestatis
4721 5770 4857 5823 ex-

3091 5911 3299 6021 perti
3397 5923 3613 6009 sunt,
3713 5910 3851 6020 qui
3948 5910 4550 6020 profectionem
4647 5908 4860 5990 hanc

3092 6077 3494 6186 pecuniae
3559 6076 3996 6185 praesidiis
4062 6102 4401 6186 quoque
4457 6075 4859 6156 adiuvare
