5559 7392
705 965 1404 1047 Corvinianorum
1462 960 1752 1043 Eudae
1810 960 2192 1057 restabat,
2252 960 2467 1041 redi-

706 1159 932 1213 mere
1006 1129 1281 1212 conati
1355 1140 1571 1209 sunt.
1660 1125 1811 1235 (Cf.
1891 1126 1969 1206 in
2046 1126 2468 1234 Epheme-

706 1294 1023 1376 ridibus
1129 1292 1635 1402 Hungaricis
1742 1342 1845 1352 -—
1948 1289 2467 1373 Archaeolo·

705 1461 871 1571 giai
938 1438 1325 1557 Ertesitd,
1408 1460 1768 1567 Magyar
1839 1457 2463 1566 konyvszemle‚

722 1629 960 1724 1882,
1049 1652 1238 1734 pag.
1309 1625 1838 1727 336-340,
1927 1636 2009 1704 et
2090 1623 2468 1717 schmitt,

707 1792 1094 1900 Archiep.
1152 1790 1804 1899 Strigoniense5‚
1865 1810 1957 1885 II,
2014 1816 2203 1899 pag.
2254 1786 2466 1891 114.)

707 1958 797 2039 Id
873 1957 1210 2067 quidem
1297 1983 1469 2036 non
1552 1955 1920 2066 contigit,
2007 1955 2262 2035 nihilo
2338 1981 2469 2035 se-

707 2124 883 2206 cius
1015 2150 1060 2204 e
1191 2121 1620 2204 codicibus
1753 2121 2470 2230 Constantinopo-

707 2290 851 2371 lim
938 2288 1214 2370 missis
1302 2301 1552 2397 prout
1637 2300 1719 2369 et
1800 2287 2091 2369 Budae
2173 2284 2469 2367 relictis

707 2454 1042 2565 saepius
1153 2452 1658 2563 exemplaria
1767 2453 2065 2561 legatis
2167 2466 2248 2534 et
2345 2452 2471 2532 vi-

709 2621 818 2701 ris
901 2619 1259 2729 politicis
1341 2618 1447 2701 ab
1530 2619 1723 2700 aula
1803 2618 2155 2700 Turcica
2239 2618 2471 2699 dono

709 2786 904 2867 data
961 2798 1176 2868 sunt.
1269 2787 1487 2867 Cum
1551 2784 1891 2866 tandem
1956 2812 2179 2865 anno
2249 2785 2470 2866 1686

709 2916 951 3034 Euda
1033 2980 1136 3033 ex
1211 2906 1682 3034 Tuscorum
1768 2964 2183 3061 potestate
2234 2916 2471 3032 'libe-

708 3131 884 3200 rata
956 3131 1200 3215 esset,
1280 3119 1360 3199 in
1434 3145 1621 3199 arce
1688 3117 2058 3199 Budensi
2134 3136 2223 3200 CI
2292 3115 2472 3196 libri

710 3284 1244 3393 manuscripti
1304 3297 1386 3365 et
1445 3303 1745 3367 CCVIII
1803 3282 2023 3392 typis
2090 3280 2471 3390 exscripti

709 3451 1006 3560 reperti
1118 3463 1341 3548 sunt,
1453 3449 1592 3560 qui
1705 3449 1785 3529 in
1885 3446 2472 3530 bibliothecam

708 3615 1060 3697 aulicam
1127 3614 1888 3696 Vindobonensem
1961 3624 2475 3724 transporta,

711 3779 1035 3862 bantur.

868 3944 1157 4026 Nostri
1223 3944 1564 4026 demum
1629 3943 1881 4026 seculi
1946 3970 2171 4024 anno
2252 3943 2472 4049 1845

714 4123 1164 4219 postquam
1230 4108 1837 4191 thesaurarium
1904 4109 2209 4201 veteris
2279 4108 2522 4240 Sul--

713 4287 1101 4357 tanorum
1178 4275 1478 4384 palatii,
1555 4275 1785 4385 quod
1853 4287 2201 4356 vocatur
2274 4274 2474 4355 Eski

714 4440 980 4537 Serai,
1079 4441 1475 4551 singulari
1571 4440 2055 4522 liberalitate
2152 4439 2477 4548 sapien-

713 4606 1005 4688 tissimi
1092 4606 1416 4688 Sultani
1494 4606 1776 4688 Abdul
1866 4606 2200 4688 Medsid
2286 4606 2481 4688 viris

716 4771 984 4853 doctis
1037 4785 1417 4881 apertum
1481 4785 1627 4869 est,
1696 4772 1949 4881 paulo
2010 4772 2481 4853 adcuratior

714 4936 1085 5045 cognitio
1171 4936 1559 5019 materiae
1639 4937 2094 5019 litterarum
2179 4964 2480 5018 monu-

716 5100 1202 5183 mentalium
1302 5102 2039 5211 Constantinopoli
2144 5130 2478 5185 coacer-

714 5281 958 5348 vatae
1023 5267 1333 5377 acquiri
1400 5268 1687 5377 potuit.
1798 5269 2168 5351 Maxime
2234 5270 2479 5351 Hun-

714 5434 998 5544 gariae
1048 5433 1533 5533 interfuisse,
1585 5449 1675 5517 ut
1719 5435 2102 5517 codicum
2153 5435 2478 5518 thesau-

716 5626 856 5680 rus
936 5598 1356 5680 sollertius
1438 5600 2142 5710 pervestigaretur
2229 5614 2481 5712 atque

715 5778 1387 5874 cognosceretur,
1486 5792 1636 5874 per
1723 5793 1815 5848 se
1906 5779 2154 5874 patet,
2248 5794 2480 5848 com-

715 5929 1093 6039 pluribus
1202 5930 1478 6040 itaque
1583 5932 1661 6013 in
1770 5932 2064 6013 diaetis
2180 5932 2480 6043 impul-

717 6123 861 6176 sus
929 6096 1350 6189 Corvinae
1418 6097 1974 6179 restituendae
2034 6098 2277 6179 datus
2331 6112 2478 6195 est,

2727 738 2828 746 -—-·

2682 959 3085 1068 imprimis
3181 972 3461 1041 autem
3560 959 3640 1040 in
3741 957 4125 1039 Comitiis
4221 982 4444 1038 anno

2695 1124 3320 1228 1843——1844.

2837 1290 3080 1395 Quae
3147 1290 3908 1398 manuscriptorum
3966 1288 4311 1370 materia
4368 1287 4446 1367 in

2681 1454 2992 1563 palatio
3102 1454 4045 1564 Constantinopolitano
4159 1452 4448 1535 adser-

2682 1634 2877 1702 vata
2960 1620 3111 1702 etsi
3198 1620 3359 1702 iam
3442 1648 3665 1702 anno
3747 1619 3971 1722 1846
4052 1619 4158 1700 ad
4234 1618 4449 1700 noti-

2683 1786 2881 1867 tiam
2981 1786 3672 1868 bibliothecarum
3751 1783 4449 1867 vindobonensis

2684 1965 2766 2034 et
2871 1951 3462 2050 Berolinensis‚
3574 1978 3729 2032 nec
3840 1978 4010 2032 non
4123 1948 4451 2031 Musaei

2687 2117 3132 2199 Britannici
3244 2130 3761 2227 pervenerat,
3881 2117 4058 2198 eius
4169 2129 4451 2197 tamen

2684 2283 3336 2392 perscrutandae
3409 2309 3715 2364 munus
3786 2283 4025 2363 annis
4106 2281 4450 2363 demum

2686 2450 2910 2553 1849
2959 2461 3040 2530 et
3100 2450 3321 2553 1850
3383 2476 3433 2529 a
3493 2447 3931 2558 philologo
3998 2447 4448 2529 Borussico

2688 2613 3227 2694 Mordtmann
3295 2626 3780 2722 susceptum
3846 2625 3993 2694 est.

2838 2779 3240 2862 Eruditus
3286 2779 3416 2861 hic
3456 2780 3584 2860 vir
3627 2806 3672 2861 e
3718 2779 3960 2888 copia
4005 2778 4142 2860 illa
4186 2778 4455 2888 philo-

2686 2944 2964 3054 logica
3069 2944 3392 3027 tantum
3499 2945 3818 3026 ratione
3926 2946 4452 3027 considerata

2687 3112 2768 3193 in
2835 3111 3263 3222 Philologi
3327 3125 3528 3193 tom.
3576 3131 3666 3208 V,
3733 3138 3923 3222 pag.
3975 3112 4449 3218 758—761,

2688 3277 2848 3359 sub
2962 3277 3204 3360 titulo
3313 3277 3963 3360 Slavonicorum
4070 3278 4452 3359 codicum

2689 3445 3448 3555 manuscriptorum
3555 3445 3772 3526 duos
3877 3444 4170 3541 adfert,
4288 3444 4454 3555 pri-

2688 3639 2920 3694 mum
2987 3626 3381 3722 quattuor
3444 3611 3905 3723 euangelia,
3975 3611 4277 3694 deinde
4342 3611 4455 3693 le-

2686 3779 3010 3889 gendas
3067 3792 3569 3861 sanctorum.
3657 3778 3888 3861 Idem
3945 3805 4169 3873 anno
4231 3781 4452 3883 1854

2690 3946 3047 4028 indicem
3135 3946 3399 4027 multo
3479 3945 4039 4055 copiosiorem
4132 3943 4451 4052 (Philol.

2688 4139 2915 4193 anno
2984 4113 3232 4218 1854,
3300 4139 3487 4222 pag.
3538 4109 4014 4221 582-584)
4082 4110 4454 4221 publica-

2689 4277 2837 4373 vit,
2915 4276 3041 4358 cui
3118 4290 3200 4358 et
3270 4277 3728 4387 inscripsit:
3815 4277 4126 4376 „Index
4200 4276 4454 4357 libro-

2692 4469 2875 4523 rum
2951 4442 3706 4551 manuscriptorum
3790 4442 3870 4523 in
3954 4442 4458 4525 bibliotheca

2694 4635 2898 4690 suae
2964 4608 3427 4690 Maiestatis
3493 4608 3819 4690 Sultani
3887 4607 4458 4718 deprehenso-

2695 4784 2988 4872 rum“;
3075 4774 3182 4855 ibi
3257 4788 3536 4856 autem
3605 4802 3828 4857 num.
3880 4776 3994 4878 43
4069 4789 4462 4884 quattuor

2695 4939 3137 5050 euangelia
3199 4951 3280 5021 et
3343 4967 3567 5021 num.
3617 4963 3731 5044 44
3797 4952 4277 5022 sanctorum
4345 4940 4460 5023 le-

2693 5105 3026 5216 gendae
3100 5104 3598 5215 glagoliticis
3674 5104 3958 5188 litteris
4036 5107 4459 5216 conscrip-

2692 5284 2827 5353 tae
2894 5284 3682 5352 commemorantur.

2846 5436 3100 5517 Num.
3160 5459 3272 5539 44
3342 5435 3723 5517 laudatae
3789 5448 4272 5517 sanctorum
4340 5437 4459 5517 le-

2694 5602 3025 5710 gendae
3116 5602 3518 5712 scriptura
3599 5600 4082 5711 glagolitica
4173 5629 4461 5683 exara-

2695 5781 2853 5865 tae,
2931 5795 3141 5877 quas
3206 5781 3296 5849 ut
3360 5767 4035 5879 glagoliticorum
4105 5794 4457 5878 operum

2696 5934 3076 6015 omnium
3159 5946 3380 6015 certe
3463 5932 3919 6015 clarissima
3993 5933 4201 6015 inter
4273 5960 4460 6042 pre-

2693 6100 3146 6182 tiosissima
3202 6113 3753 6182 monumenta
3808 6100 4119 6181 slavica
4176 6126 4462 6181 nume-
