5559 7392
670 961 891 1043 notis
954 959 1476 1042 adhibentur.
1596 961 1990 1070 Denique
2058 962 2437 1043 nonnulli

669 1139 1151 1209 sanctorum
1214 1124 1499 1207 habitu
1561 1154 1719 1207 suo
1788 1127 2151 1238 insigniti
2220 1142 2434 1226 sunt,

671 1306 761 1374 ut
857 1292 1358 1374 Laurentius
1455 1320 1643 1402 pag.
1716 1314 1877 1399 174
1972 1293 2434 1391 dalmatica,

669 1459 1025 1540 Iacobus
1123 1458 1391 1539 maior
1484 1484 1676 1567 pag.
1747 1479 1856 1564 72
1956 1459 2258 1540 baculo
2357 1472 2491 1579 et·

669 1624 957 1734 capitis
1029 1624 1456 1734 tegimine,
1543 1651 1713 1733 quo
1789 1624 1869 1704 in
1945 1625 2130 1706 loca
2203 1652 2439 1706 sacra

670 1790 1126 1899 migrantes
1241 1790 1356 1871 uti
1472 1803 2127 1887 consueverunt,
2245 1817 2434 1900 pag.

684 1960 845 2060 184
902 1986 956 2037 v
1037 1956 1534 2038 Franciscus
1630 1956 1915 2038 habitu
2010 1956 2438 2065 religionis

668 2149 873 2204 suae
950 2150 1103 2203 nec
1178 2149 1345 2204 non
1422 2123 1510 2204 S.
1579 2122 1846 2219 Clara,
1925 2149 2435 2231 quamquam

671 2289 849 2370 eius
955 2289 1298 2397 pallium
1398 2289 1676 2398 inepte
1778 2300 2171 2369 ornatum
2284 2300 2433 2369 est.

668 2454 1167 2536 Accuratius
1222 2481 1428 2535 vero
1486 2454 1745 2536 notati
1804 2465 2001 2535 sunt
2057 2453 2143 2533 S.
2194 2454 2438 2562 Mag-

670 2620 972 2702 dalena
1026 2645 1216 2729 pag.
1249 2639 1433 2724 171,
1491 2646 1707 2729 quae
1763 2630 1941 2699 tota
1994 2618 2234 2699 flavis
2288 2608 2437 2699 cri-

673 2786 918 2868 nibus
1014 2786 1278 2868 cincta
1374 2813 1626 2867 manu
1722 2812 1876 2866 vas
1960 2795 2435 2893 unguenta-

671 2952 883 3034 rium
954 2963 1205 3049 tenet,
1283 2964 1366 3033 et
1436 2950 1992 3061 archangelus
2060 2948 2433 3032 Michae-

670 3120 790 3217 lis,
846 3118 985 3229 qui
1041 3117 1309 3200 alatus
1355 3130 1437 3199 et
1480 3116 1764 3198 habitu
1810 3117 2147 3198 astricto
2204 3115 2433 3226 equi-

669 3297 847 3367 tum
951 3286 1164 3366 illius
1254 3284 1548 3366 aetatis
1638 3284 1877 3365 hasta
1977 3284 2430 3364 draconem

671 3452 831 3535 sub
896 3451 1252 3562 pedibus
1316 3450 1490 3532 suis
1558 3462 1797 3532 necat
1869 3476 2058 3560 pag.
2120 3450 2280 3530 162
2351 3461 2432 3530 et

688 3620 872 3701 181.
990 3619 1123 3699 Eo
1209 3617 1479 3727 magis
1574 3629 1858 3698 autem
1956 3614 2430 3696 mirandum

675 3797 824 3882 est,
923 3784 989 3865 si
1088 3783 1363 3865 eidem
1455 3809 1541 3863 re
1636 3808 1836 3863 vera
1936 3781 2253 3891 figurae
2353 3780 2432 3859 in

675 3951 839 4031 fine
906 3948 1213 4030 codicis
1277 3959 1527 4057 atque
1595 3947 1669 4028 ei
1737 3947 2051 4028 maiore
2115 3945 2439 4026 dimen-

677 4116 915 4197 sione
980 4114 1277 4195 iterum
1344 4113 1857 4195 occurrimus
1927 4110 2032 4221 (v.
2088 4112 2225 4222 fig.
2266 4108 2435 4220 39),

676 4280 827 4362 sed
881 4278 1044 4361 hoc
1095 4280 1286 4361 loco
1346 4306 1517 4360 non
1574 4279 1883 4377 alatae;
1942 4289 2194 4387 atque
2247 4304 2437 4359 cum

680 4471 951 4554 neque
1017 4445 1463 4555 quicquam
1536 4444 2049 4552 adscriptum
2124 4443 2229 4525 sit
2295 4469 2441 4523 ne-

682 4637 845 4719 que
918 4610 1087 4691 ulla
1150 4609 1442 4690 relatio
1516 4609 1625 4690 ad
1702 4600 2021 4690 textum
2089 4608 2248 4705 fiat,
2325 4607 2444 4688 di-

684 4776 1019 4857 iudicari
1075 4775 1382 4884 nequit,
1440 4787 1716 4856 utrum
1771 4774 2036 4884 pictor
2100 4774 2261 4854 hoc
2318 4773 2443 4853 lo-

681 4968 782 5022 co
858 4941 1034 5023 alas
1108 4939 1421 5022 addere
1495 4939 1806 5021 oblitus
1881 4939 1987 5021 sit
2060 4966 2167 5020 an
2236 4966 2442 5020 eun-

684 5107 880 5188 dem
944 5119 1237 5217 typum
1312 5107 1400 5186 S.
1460 5104 1836 5213 Georgio
1903 5103 2444 5215 depingendo

682 5271 1079 5354 adhibere
1146 5270 1525 5352 voluerit.

834 5439 1150 5534 Restat,
1219 5449 1309 5518 ut
1373 5436 1776 5518 fastorum
1844 5437 2206 5545 picturas
2272 5436 2449 5517 dili-

684 5604 1021 5713 gentius
1112 5602 1799 5711 contemplemur.
1929 5603 2229 5682 Mense
2323 5602 2448 5682 Ia-

687 5770 979 5850 nuario
1047 5795 1237 5879 pag.
1301 5792 1426 5871 14,
1497 5780 1586 5849 ut
1651 5795 1753 5849 ex
1822 5779 2106 5848 nostra
2172 5765 2450 5875 depic-

686 5935 912 6016 tione
985 5933 1432 6044 cognoscis
1508 5933 1612 6042 (v.
1671 5931 1807 6040 fig.
1860 5933 1967 6038 7),
2046 5931 2257 6012 duas
2333 5930 2449 6011 fe-

687 6101 956 6182 minas
1030 6112 1111 6181 ct
1182 6100 1452 6180 virum
1541 6125 1884 6180 mensae
1967 6097 2449 6180 adsidentes

2486 723 2623 789 119
2761 747 2856 752 —

2649 958 3091 1048 videmus'
3149 969 3303 1048 Vir
3359 994 3762 1077 magnum
3820 996 4229 1080 cruceque
4289 997 4420 1051 or-

2653 1145 2940 1212 natum
3045 1160 3353 1241 panem
3458 1133 3739 1215 incidit
3829 1133 4158 1216 feminis
4253 1135 4413 1216 iam

2652 1322 2953 1377 manus
3011 1298 3118 1378 ad
3178 1298 3438 1380 frusta
3493 1299 4139 1408 porrigentibus,
4229 1300 4419 1406 Qua

2651 1487 2740 1542 re
2834 1489 3021 1543 mos
3107 1464 3502 1545 omnibus
3587 1465 3981 1573 gentibus
4065 1465 4420 1546 Slavicis

2651 1627 3072 1710 familiaris
3156 1658 3207 1711 a
3289 1631 3423 1712 die
3510 1630 3761 1712 natali
3845 1631 4030 1711 Iesu
4116 1629 4418 1710 Christi

2654 1820 2924 1903 usque
2989 1795 3096 1876 ad
3164 1795 3610 1905 epiphania
3676 1822 3978 1904 panem
4034 1821 4273 1875 cruce
4340 1807 4422 1874 et

2652 1957 3100 2040 bracteolis
3175 1973 3564 2041 ornatum
3639 1961 3720 2041 in
3787 1987 4084 2041 mensa
4151 1985 4420 2039 reser-

2653 2124 2907 2204 vandi
2978 2124 3452 2205 illustratur.
3537 2127 3753 2207 Cum
3824 2125 4072 2234 igitur
4135 2122 4422 2204 artifex

2654 2288 2816 2369 hoc
2898 2288 3087 2368 loco
3173 2290 3562 2371 consulto
3646 2304 3728 2373 et
3802 2289 4165 2399 cogitate
4239 2316 4423 2370 ver-

2655 2452 3046 2534 naculum
3104 2479 3429 2534 morem
3477 2454 3896 2565 depingat,
3953 2469 4422 2536 ceterorum

2655 2616 3073 2698 mensium
3124 2616 3535 2725 imagines
3591 2619 3968 2728 profecto
4024 2647 4212 2701 cum
4267 2621 4423 2700 Ita-

3691 2784 3845 2866 lico
3868 2797 4063 2895 typo
4083 2811 4428 2895 congru-

3704 2963 3874 3046 unt,
3960 2951 4113 3032 nisi
4199 2950 4427 3062 quod

3694 3117 4027 3227 picturas
4048 3119 4434 3201 interdum

3696 3281 3858 3365 huc
3878 3284 4068 3367 illuc
4083 3285 4432 3367 transla-

3618 3430 3619 3435 Ν
3701 3450 4429 3561 tasdeprehendis.

3698 3615 4129 3700 Februarii
4227 3620 4432 3700 ima-

3609 3834 3610 3841 *
3690 3810 3808 3892 go
3900 3812 4088 3896 pag.
4172 3789 4332 3891 143
4379 3817 4433 3868 v

3693 3948 4142 4031 vinitorem
4184 3951 4435 4034 habet

3735 4114 4046 4224 pictum
4136 4117 4390 4199 vitem

3002 4247 3116 4308 Fig.
3139 4259 3221 4306 40.

3642 4279 4427 4379 circumfodientem,

2654 4467 2871 4549 quae
2927 4441 3289 4550 depictio
3346 4443 3426 4524 in
3483 4412 3714 4525 Italia
3767 4446 4285 4557 plerumque,
4342 4464 4433 4544 ut

2656 4608 2737 4689 in
2796 4609 2916 4689 St.
2976 4609 3341 4690 Martino
3397 4611 3746 4705 Luccae,
3805 4611 3883 4691 in
3944 4612 4427 4722 baptisterio

2655 4773 2919 4870 Pisae,
3009 4773 3087 4854 in
3165 4775 3373 4856 aede
3448 4776 3893 4857 cathedrali
3974 4779 4426 4860 Mutinensi

2655 4938 3008 5048 aliisque
3088 4939 3314 5035 locis,
3394 4940 3661 5022 mensi
3730 4943 4034 5023 Martio
4109 4944 4433 5025 adiecta

2657 5104 3095 5199 invenitur,
3156 5104 3296 5213 qui
3352 5104 3512 5186 hoc
3558 5106 3635 5185 in
3680 5106 3967 5188 codice
4021 5134 4211 5217 pag.
4265 5132 4428 5212 144

2659 5269 3174 5379 ineptissima
3240 5270 3561 5351 ratione
3635 5271 3972 5353 homine
4045 5272 4433 5382 designa-

2658 5447 2813 5530 tur,
2872 5435 3010 5543 qui
3069 5447 3304 5516 veste
3360 5436 3684 5542 pellicia
3737 5436 4074 5518 indutus
4130 5465 4431 5520 manus

2662 5600 3092 5709 pedesque
3149 5599 3318 5709 igni
3373 5600 3721 5681 admoto
3781 5601 4120 5684 refovet.
4198 5604 4430 5685 Haec

2661 5792 2869 5845 vero
2947 5777 3074 5845 est
3146 5780 3393 5847 vetus
3469 5767 3821 5847 Ianuarii
3891 5768 4195 5876 imago,
4276 5768 4429 5863 cui,

2662 5942 2752 6011 ut
2844 5930 2923 6009 in
3020 5908 3358 6011 basilica
3441 5931 3887 6012 cathedrali
3974 5932 4425 6013 Mutinensi

2662 6095 3093 6176 Februarii
3192 6096 3381 6176 loco
3480 6098 3756 6205 posita
3847 6112 3994 6191 est,
4097 6098 4205 6178 ita
4300 6098 4429 6178 hic
