5559 7392
2322 734 2627 800 -93

862 973 981 1054 Ut
1063 973 1224 1054 iam
1308 988 2064 1056 commemoratum
2150 988 2305 1073 est,
2393 977 2471 1056 in

712 1139 1219 1248 Hungaricis
1334 1139 1632 1220 chartis
1740 1140 2037 1221 Latine
2153 1141 2474 1249 scriptis

709 1304 983 1385 Rama
1082 1329 1419 1412 semper
1520 1303 1588 1384 is
1687 1330 1893 1413 ager
1987 1306 2470 1415 appellatur,
2580 1298 2587 1310 “

710 1468 850 1578 qui
946 1468 1025 1548 in
1125 1468 1614 1550 universum
1718 1470 1911 1551 nihil
2018 1471 2242 1552 aliud
2347 1483 2473 1552 est

709 1634 862 1715 nisi
930 1634 1368 1743 pristinum
1445 1634 1772 1717 feudale
1840 1662 2195 1745 regnum
2262 1638 2473 1717 Bos-

708 1799 914 1881 niae.
1002 1800 1331 1907 Quodsi
1396 1828 1748 1910 quaeras
1805 1802 2240 1911 quomodo
2298 1802 2468 1883 fieri

705 1965 1086 2074 potuerit,
1174 1978 1263 2047 ut
1336 1967 1607 2048 Rama
1679 1967 1814 2048 vel
1890 1967 2206 2048 Bosnia
2288 1996 2470 2048 sae-

705 2129 894 2212 culo
941 2152 1107 2215 XV.
1148 2142 1476 2240 praeter
1520 2131 1849 2241 insigne
1889 2159 2289 2214 coronam
2332 2160 2467 2214 ex-

704 2295 999 2377 hibens
1058 2296 1314 2406 (quod
1371 2296 1622 2377 hodie
1678 2323 2017 2406 quoque
2073 2298 2152 2377 in
2207 2299 2466 2407 portis

704 2460 1014 2542 castelli
1057 2460 1279 2569 Jajce
1332 2460 1862 2570 conspicitur)
1918 2461 2078 2543 hoc
2130 2463 2465 2572 signum

701 2625 986 2735 gladio
1044 2625 1532 2708 instructum
1592 2628 2011 2737 reciperet,
2079 2628 2285 2709 haec
2338 2656 2470 2710 res

704 2761 895 2872 inde
977 2790 1331 2873 fortasse
1396 2792 1779 2902 explicari
1854 2805 2152 2902 potest,
2239 2795 2467 2904 quod

671 2956 1009 3038 ·familia
1075 2958 1943 3041 Hervoia-Hrvatinic
2006 2960 2085 3040 in
2152 2961 2469 3042 Bosnia

705 3123 915 3203 inter
997 3123 1652 3232 septentrionem
1726 3138 1806 3206 et
1871 3152 2262 3207 occasum
2330 3154 2468 3207 so-

703 3287 801 3369 lis
883 3302 1335 3398 spectante,
1422 3317 1636 3399 quae
1705 3291 2089 3372 Croatica
2154 3292 2469 3373 Bosnia

704 3466 1071 3550 vocatur,
1159 3454 1405 3536 feuda
1486 3456 1885 3564 possedit,
1972 3484 2187 3567 quae
2273 3458 2468 3539 iuris

702 3619 937 3728 regni
1024 3620 1483 3729 Hungarici
1570 3635 1825 3703 erant.

718 3785 938 3888 1463
1001 3785 1364 3866 Bosniae
1422 3785 1806 3893 dynastia
1863 3787 2186 3897 periret,
2243 3788 2466 3898 Jajce

703 3963 783 4032 et
845 3950 1007 4031 alia
1070 3964 1337 4032 castra
1393 3952 1646 4060 partis
1702 3952 2044 4035 huiusce
2101 3954 2467 4035 Bosniae

702 4129 791 4197 ut
885 4115 1278 4227 reliquiae
1376 4118 1863 4226 Hungariae
1925 4131 2464 4219 ‚manserunn

702 4308 917 4390 quae
1008 4310 1157 4391 per
1250 4309 1539 4392 regem
1629 4284 2074 4366 Nicolaum
2158 4285 2467 4394 Ujlaky

703 4460 784 4528 et
879 4461 1176 4556 postea
1271 4476 1421 4559 per
1507 4450 1910 4532 Ioannem
2000 4452 2463 4533 Corvinum

702 4612 890 4693 huic
969 4639 1178 4722 agro
1263 4615 1566 4696 confini
1651 4615 2116 4699 libertatem
2201 4645 2463 4727 quan-

702 4777 895 4859 dam
991 4779 1342 4872 ratione,
1405 4780 1601 4861 iuris
1697 4782 2002 4891 publici
2090 4796 2466 4893 respecta

698 4942 1131 5025 tribuebat.
1229 4945 1595 5028 Bosniae
1663 4946 1870 5029 haec
1931 4948 2212 5029 relicta
2269 4975 2461 5057 pars

697 5108 1067 5190 cubitum
1128 5085 1211 5189 in
1266 5110 1625 5220 insignia
1681 5112 1999 5222 recepit,
2068 5113 2207 5223 qui
2258 5113 2465 5194 Her-

700 5273 942 5355 voiae
996 5273 1289 5356 ducale
1348 5276 1495 5358 fuit
1550 5276 1878 5387 insigne
1945 5290 2025 5360 et
2078 5279 2326 5361 etiam
2380 5280 2459 5361 in

702 5439 1124 5549 epitaphio
1221 5442 1718 5525 Catherinae
1814 5444 2182 5526 Bosniae
2273 5445 2459 5527 ulti-

702 5631 890 5685 mae
973 5606 1311 5715 reginae
1394 5608 1602 5689 scuti
1687 5599 2058 5691 centrum
2133 5637 2461 5721 reprae-

700 5781 988 5851 sentat.
1106 5771 1244 5852 Sic
1324 5772 1652 5882 insigne
1735 5774 1895 5855 hoc
1976 5776 2460 5882 symbolum

703 5935 1427 6065 Bosniae-Ramae
1482 5936 1904 6045 dynastiae
1943 5940 2457 6049 Jagellonum

700 6099 1242 6198 demonstrat,
1333 6103 1657 6211 insigne
1751 6105 2036 6215 Dolnji
2118 6106 2455 6215 Krajini,

1947 3624 2165 3704 Cum
2241 3651 2466 3704 anno
2513 3631 2522 3644 '

3807 984 3822 985 ἦ
3940 974 4019 1055 id
4085 987 4213 1055 est
4261 974 4459 1056 infe-

3878 1210 3886 1216 .
3942 1140 4238 1221 riorum
4282 1168 4459 1249 par-

3939 1306 4142 1388 tium
4247 1307 4456 1387 Bos-

3934 1471 4131 1552 niae.
4233 1471 4453 1552 Nam

3939 1636 4119 1717 Vrh
4159 1684 4193 1695 -
4233 1637 4451 1717 Bos-

3941 1802 4071 1882 nia
4132 1830 4182 1882 a
4234 1802 4451 1881 Tur-

3936 1967 4051 2048 cis
4089 1993 4449 2074 occupa-
4529 2055 4532 2056 f

3932 2145 4016 2212 ta
4069 2131 4448 2240 superio-

3930 2324 4105 2378 rem
4136 2296 4449 2406 signifi-

3932 2474 4063 2543 cat
4124 2474 4443 2570 partem

3170 2627 3284 2688 Fig.
3310 2637 3390 2687 32.

3937 2627 4194 2736 regni.

2846 2798 2957 2879 Ut
3011 2824 3214 2878 vero
3268 2796 3429 2877 alia
3481 2794 3724 2875 huius
3780 2794 3893 2874 rei
3951 2804 4447 2902 argumenta

2681 2936 3216 3072 praeteream,
3329 2961 3529 3042 satis
3627 2972 3754 3041 est
3845 2959 3953 3039 ad
4049 2985 4444 3040 nummos

2679 3127 3089 3210 Ludovici
3145 3148 3236 3210 II.
3296 3126 3520 3235 regis
3566 3124 4057 3234 Hungariae
4115 3150 4441 3204 necnon

2683 3292 3393 3401 Habsburgorum
3489 3290 3939 3399 relegasse‚
4039 3288 4179 3398 qui
4277 3288 4444 3397 sig-

2681 3485 2881 3539 num
2927 3457 3610 3538 Bosniae-Rama
3662 3454 4170 3563 recipiebant
4215 3452 4439 3549 illud,

2681 3623 2906 3733 quod
2944 3623 3144 3705 olim
3181 3623 3610 3704 Hervoiae
3656 3634 3852 3718 erat,
3898 3634 3981 3701 et
4015 3621 4176 3702 iam
4213 3646 4440 3701 anno

2683 3812 2902 3896 1525
2952 3791 3032 3871 in
3078 3802 3487 3899 argenteo
3529 3787 3852 3869 thalero
3899 3786 4306 3867 Ludovici
4350 3806 4437 3867 II.

2679 3954 2891 4038 inter
2934 3983 3166 4038 arma
3219 3955 3538 4037 litterae
3585 3954 3664 4034 R
3718 3953 4000 4036 addita
4052 3951 4210 4033 sub
4268 3950 4441 4032 dal-

2680 4123 2994 4204 matino
3083 4122 3642 4203 Ramaianum
3732 4118 4058 4229 insigne
4152 4116 4438 4227 gladio

2677 4301 3091 4371 armatum
3127 4287 3538 4369 videmus
3584 4287 4039 4396 (Nummus
4076 4282 4440 4393 origina-

2679 4455 2776 4537 lis
2825 4455 2904 4535 in
2953 4453 3547 4535 nummotheca
3580 4450 4252 4533 vindobonensi.
4313 4447 4434 4530 Cf.

2677 4622 2732 4702 I.
2782 4622 3084 4729 Rupp:
3170 4619 3518 4700 Nummi
3604 4618 3839 4727 regni
3924 4615 4435 4725 Hungariae,

2677 4786 2839 4868 tab.
2910 4806 3199 4886 XXIII,
3268 4811 3491 4865 num.
3551 4805 3748 4889 575,
3825 4782 4250 4891 aliumque
4314 4792 4438 4887 ty-

2677 4979 2878 5062 pum
2948 4950 3328 5033 eiusdem
3394 4949 3589 5032 anni
3665 4959 3726 5031 sg
3787 4977 3860 5030 n.
3933 4969 4093 5055 577
4173 4948 4252 5029 in
4320 4960 4442 5029 ta-

2677 5119 2894 5200 bulis
2938 5117 3562 5200 Weszerleanis
3616 5138 3781 5200 XV.
3838 5128 3920 5197 et
3980 5114 4211 5223 XVI.)
4282 5117 4439 5195 At-

2676 5311 2839 5394 que
2907 5284 3097 5364 inde
3154 5283 3261 5364 ab
3327 5283 3454 5363 his
3519 5281 4042 5391 temporibus
4108 5281 4436 5390 insigne

2676 5449 3106 5531 Hervoiae
3187 5449 3502 5530 missali
3586 5448 4043 5530 lautissime
4126 5446 4439 5528 exhibi-

2672 5628 2851 5696 tum
2918 5615 3167 5697 leone
3233 5614 3560 5697 abiecto
3626 5615 4112 5710 Bosnensis
4168 5626 4436 5695 terrae

2673 5780 3002 5890 insigne
3088 5792 3235 5876 est,
3331 5807 3846 5890 quamquam
3937 5778 4097 5860 alia
4188 5780 4435 5861 etiam

2673 5958 2889 6041 sunt,
2979 5973 3195 6055 quae
3269 5946 3513 6027 huius
3588 5958 3857 6027 terrae
3934 5972 4121 6027 esse
4197 5958 4437 6054 puta-

2671 6110 2997 6193 bantur.
3130 6111 3596 6220 (Hervoiae
3696 6112 3830 6193 leo
3938 6111 4254 6192 ducalis
4354 6112 4432 6193 in
