5559 7392
1093 930 1202 1010 ita
1267 928 1339 1008 ei
1407 925 1759 1007 consilio
1829 925 2308 1020 inserviunt,
2388 938 2475 1006 ut
2542 925 2636 1006 iis
2702 952 2856 1034 pro

1090 1090 1701 1201 depictionibus
1768 1117 2041 1172 rerum
2120 1090 2199 1171 in
2268 1090 2673 1200 capitibus
2738 1090 2859 1171 bi-

1086 1258 1303 1340 bliae

1091 1425 1541 1534 scriptores
1633 1422 1786 1531 ipsi
1871 1422 2005 1503 vel
2097 1433 2484 1503 auctores
2577 1447 2859 1503 sacro-

1429 1283 1714 1338 sacrae
1851 1256 2208 1338 recitatis
2339 1268 2854 1337 narratarum

1091 1618 1274 1672 rum
1371 1589 1797 1685 librorum,
1894 1589 2031 1699 qui
2124 1588 2280 1669 illis
2371 1599 2645 1669 textus
2730 1588 2855 1668 lo·

1091 1757 1207 1838 cis
1274 1767 2060 1851 commemorantur,
2130 1754 2648 1862 recipiantur.
2744 1754 2864 1835 Ut

1091 1949 1352 2004 unum
1416 1920 1784 2003 adferam
1852 1920 2355 2030 exemplum,
2433 1918 2626 1999 nihil
2694 1919 2862 1999 fere

1093 2087 1518 2169 libidinem
1594 2086 1840 2184 illam,
1919 2113 2086 2195 qua
2161 2086 2240 2167 in
2317 2086 2662 2168 materia
2736 2084 2860 2166 di-

1090 2253 1462 2363 gerenda
1538 2252 1816 2334 Butko
1892 2280 2096 2334 usus
2173 2264 2319 2350 est,
2398 2265 2569 2334 tam
2647 2253 2862 2335 bene

1094 2418 1445 2499 illustrat
1542 2445 1795 2528 quam
1890 2419 2118 2528 quod
2203 2418 2504 2500 festum
2599 2420 2861 2501 eccle-

1096 2583 1266 2665 siae
1342 2582 1995 2680 celeberrimum,
2085 2584 2271 2665 dico
2348 2584 2861 2666 sollemnita-

1095 2762 1264 2830 tem
1322 2750 1702 2859 paschae,
1773 2751 1999 2832 nulla
2063 2779 2408 2861 prorsus
2475 2752 2859 2862 imagine,

1096 2928 1637 3024 pentecosten
1723 2944 1928 2999 vero
2012 2943 2179 2998 una
2269 2917 2861 2999 tantummodo

1096 3107 1365 3190 eaque
1441 3082 1836 3163 mediocri
1914 3082 1993 3163 in
2069 3083 2591 3166 altitudinem
2666 3111 2862 3194 por-

1097 3259 1318 3328 recta
1368 3247 1718 3344 ornavit,
1787 3274 1977 3329 cum
2043 3249 2415 3358 epistulis
2475 3249 2860 3332 feriarum

1096 3413 1432 3522 quintae
1506 3413 2061 3496 hebdomadis
2139 3415 2858 3526 quadragesimae,

1097 3607 1313 3689 quae
1388 3580 1787 3662 ecclesiae
1863 3581 2094 3662 nullo
2168 3581 2336 3664 fere
2411 3595 2606 3664 sunt
2680 3609 2863 3664 mo-

1098 3758 1407 3842 ment0,
1483 3745 1845 3854 spatium
1923 3773 2175 3856 quam
2249 3760 2529 3856 potest
2601 3749 2862 3829 maxi-

1099 3938 1330 3992 mum
1434 3910 1865 3992 concedat.
2007 3914 2229 3993 Nam
2325 3912 2504 3994 sine
2601 3913 2861 3995 dubio

1099 4078 1277 4160 eius
1324 4077 1655 4158 animus
1711 4077 1963 4159 rebus
2017 4078 2329 4188 antiqui
2386 4080 2860 4162 testamenti

1098 4243 1208 4324 ibi
1302 4243 1647 4325 narratis
1730 4270 2004 4353 neque
2086 4271 2487 4354 umquam
2570 4245 2679 4326 ab
2761 4273 2865 4327 eo

1096 4408 1298 4489 visis
1409 4409 1681 4517 magis
1798 4409 2255 4492 delectatus
2373 4424 2499 4493 est
2610 4438 2863 4521 quam

1096 4573 1618 4684 gravissimis
1725 4574 1976 4657 rebus
2070 4575 2270 4657 novi
2365 4578 2861 4674 testamenti,

1098 4766 1450 4849 quarum
1535 4740 1803 4821 forma
1896 4740 2224 4822 firmum
2311 4742 2477 4824 fere
2568 4755 2860 4851 typum

1097 4905 1400 5015 adepta
1457 4917 1604 4987 est.
1714 4907 1832 4988 Ut
1898 4933 2102 4988 vero
2167 4935 2216 4988 a
2281 4907 2861 5018 semiimagine

1101 5072 1187 5150 S.
1247 5071 1476 5152 Pauli
1549 5098 1769 5152 nunc
1833 5072 2196 5169 recedaS,
2264 5100 2481 5182 quae
2547 5073 2628 5153 in
2695 5075 2858 5183 pri-

1102 5262 1237 5316 ma
1317 5235 1627 5318 codicis
1712 5238 2020 5347 pagina
2102 5266 2203 5320 ea
2275 5239 2543 5321 littera
2616 5267 2861 5322 exor-

1102 5416 1296 5485 nata
1376 5403 1692 5485 inclusa
1775 5417 1901 5487 est
1985 5404 2091 5512 (v.
2158 5405 2295 5515 fig.
2365 5405 2472 5514 4),
2567 5435 2617 5488 a
2699 5434 2865 5517 qua

1101 5567 1456 5676 epistula
1559 5570 2008 5651 Dominica
2096 5592 2149 5654 Ι.
2246 5571 2660 5653 adventus
2755 5573 2862 5654 ad

1101 5733 1543 5872 Romanos
1634 5736 1756 5830 13,
1848 5759 2197 5840 11—14
2274 5737 2613 5836 orditur,
2699 5738 2861 5847 pri-

1104 5925 1334 5979 mum
1401 5898 1935 5981 simulacrum
1996 5901 2402 6009 quadrata
2456 5902 2728 5984 forma
2784 5916 2864 5984 et

1102 6066 1530 6148 latitudine
1625 6065 2072 6148 columnae
2175 6097 2364 6179 pag.
2460 6095 2545 6150 11
2658 6062 2867 6151 inter

2898 682 3039 730 100

3071 924 3423 1032 primam
3491 936 3571 1004 et
3636 923 3981 1005 alteram
4058 924 4401 1005 missam
4477 923 4557 1003 in
4625 922 4833 1004 nati-

3073 1089 3323 1170 vitate
3392 1089 3741 1170 Domini
3806 1088 4175 1198 positum
4242 1100 4437 1169 erat.
4550 1089 4835 1170 Euan-

3069 1254 3385 1364 gelium
3473 1255 3554 1335 in
3645 1254 4074 1336 nativitate
4159 1253 4504 1335 Domini
4596 1253 4704 1335 ad
4779 1276 4830 1338 Ι.

3072 1422 3415 1502 missam
3513 1422 3789 1501 Lucas
3869 1442 3962 1517 II,
4065 1442 4344 1525 1—15
4446 1420 4838 1502 describit

3074 1586 3587 1669 nativitatem
3688 1586 4014 1683 Christi,
4117 1585 4657 1694 euangelium
4754 1585 4835 1667 in

3078 1753 3502 1835 nativitate
3615 1752 3963 1833 Domini
4083 1752 4189 1833 ad
4292 1773 4380 1835 ΙΙ.
4491 1752 4836 1833 missam

3075 1918 3782 2028 praedicationem
3867 1917 3973 1998 ad
4070 1931 4471 2027 pastores.
4588 1918 4838 1999 Certe

3076 2113 3178 2167 ex
3273 2085 3731 2167 intentione
3828 2084 4129 2166 librarii
4228 2084 4309 2165 in
4399 2084 4841 2166 miniatura

3076 2278 3327 2360 supra
3391 2263 4056 2332 commemorata
4112 2251 4576 2333 secundum
4641 2278 4840 2333 con-

3076 2416 3606 2499 suetudinem
3673 2417 4511 2527 palaeochristianam
4586 2431 4668 2500 et
4731 2417 4838 2499 ad

3076 2596 3596 2693 postremum
3693 2611 3961 2694 usque
4064 2584 4433 2666 medium
4529 2611 4837 2666 aevum

3076 2762 3506 2848 retentam,
3567 2777 3821 2859 quam
3882 2750 4160 2832 Butko
4219 2750 4610 2860 ignorare
4668 2776 4840 2830 non

3076 2916 3365 3026 potuit,
3421 2917 3722 2999 ambae
3775 2917 4147 2999 actiones
4203 2918 4280 2998 in
4339 2944 4596 2999 unam
4643 2945 4841 2998 ean-

4636 3084 4843 3166 Gra-

3075 3261 3253 3330 tum
3346 3249 4089 3361 delectationisque
4182 3251 4526 3360 plenum
4619 3262 4843 3332 esset

3076 3084 3439 3192 demque
3504 3083 3895 3166 tabellam
3962 3085 4242 3166 unitae
4312 3097 4526 3165 sunt.

3078 3444 3353 3514 nosse,
3409 3417 3608 3527 quid
3655 3417 3932 3499 Butko
3979 3416 4083 3499 de
4129 3418 4595 3527 insequenti
4641 3417 4843 3499 ima—

3074 3583 3271 3693 gine
3356 3609 3568 3692 pag.·
3625 3608 3711 3663 11
3791 3612 3844 3664 v
3935 3584 4040 3665 ad
4134 3583 4668 3694 euangelium
4761 3585 4840 3665 in

3077 3749 3504 3831 nativitate
3607 3749 3953 3830 Domini
4063 3749 4169 3830 ad
4271 3770 4397 3834 ΙΙΙ.
4494 3750 4838 3831 missam

3077 3914 3716 4023 praescripserit,
3811 3915 3953 3997 ubi
4047 3915 4313 4025 pictor
4405 3914 4842 3996 deficiente

3076 4092 3580 4191 argumento
3686 4081 4082 4164 historico
4190 4082 4271 4162 in
4380 4080 4841 4163 clarissimo

3081 4248 3221 4329 illo
3288 4247 3516 4329 initio
3576 4248 3988 4357 euangelii
4047 4248 4383 4330 Ioannis
4450 4275 4554 4328 ex
4611 4247 4844 4329 sche-

3079 4425 3299 4496 mate
3367 4414 3508 4495 illo
3576 4414 4156 4524 descriptionis
4234 4413 4684 4496 nativitatis
4748 4413 4842 4493 fi-

3075 4607 3475 4690 gurarum
3532 4593 3660 4662 sat
3715 4581 3966 4690 pleno
4024 4581 4418 4662 balneum
4485 4580 4838 4677 infantiS,

3077 4746 3307 4857 quod
3381 4747 3461 4827 in
3537 4743 4088 4856 praecedente
4166 4747 4532 4857 imagin-e
4607 4773 4843 4857 prae-

3005 4954 3012 4961 ·
3075 4913 3562 5010 termiserat,
3631 4912 4055 5022 singulari,
4135 4912 4241 4993 de
4309 4939 4479 5021 quo
4547 4925 4845 5021 postea

3077 5106 3355 5161 sermo
3412 5079 3583 5176 erit,
3654 5090 3951 5160 ornatu
4010 5106 4216 5159 usus
4274 5078 4614 5160 addidit.
4701 5077 4842 5158 Ad

3076 5256 3394 5326 textum
3455 5244 3947 5354 epiphaniae
4005 5244 4350 5325 Domini
4409 5271 4596 5353 pag.
4652 5244 4751 5324 16
4787 5243 4841 5324 b

3076 5409 3541 5491 secundum
3635 5410 4168 5518 euangelium
4257 5408 4655 5491 Matthaei
4754 5429 4842 5509 ΙΙ,

3091 5576 3374 5655 1—13
3473 5574 3854 5656 adoratio
3953 5601 4418 5686 magorum,
4520 5574 4601 5655 in
4700 5600 4842 5654 oc-

3076 5753 3271 5821 tava
3332 5739 3577 5821 huius
3643 5740 3824 5822 sesti
3889 5767 4079 5850 pag.
4129 5763 4223 5847 17
4265 5740 4319 5821 b
4373 5739 4839 5822 secundum

3077 5905 3677 6015 praescriptum
3762 5906 4297 6017 euangelium
4383 5906 4721 6024 Ioannis
4787 5925 4840 6006 Ι,

3083 6073 3454 6176 29-35
3533 6071 4001 6180 baptismus
4079 6071 4382 6153 Christi
4470 6070 4847 6180 depictus
