<?xml version="1.0" encoding="UTF-8"?>
<!DOCTYPE html PUBLIC "-//W3C//DTD XHTML 1.0 Transitional//EN"
    "http://www.w3.org/TR/xhtml1/DTD/xhtml1-transitional.dtd">
<html xmlns="http://www.w3.org/1999/xhtml" xml:lang="en" lang="en">
 <head>
  <title>
</title>
<meta http-equiv="Content-Type" content="text/html;charset=utf-8" />
  <meta name='ocr-system' content='tesseract 3.04.00' />
  <meta name='ocr-capabilities' content='ocr_page ocr_carea ocr_par ocr_line ocrx_word'/>
</head>
<body>
  <div class='ocr_page' id='page_1' title='image "./missaleglagolit00unkngoog_0134.png"; bbox 0 0 5559 7392; ppageno 0'>
   <div class='ocr_carea' id='block_1_1' title="bbox 2702 675 3272 725">
    <p class='ocr_par' dir='ltr' id='par_1_1' title="bbox 2702 675 3272 725">
     <span class='ocr_line' id='line_1_1' title="bbox 2702 675 3272 725; baseline -0.004 0"><span class='ocrx_word' id='word_1_1' title='bbox 2702 697 2805 706; x_wconf 89' lang='lat'>—</span> <span class='ocrx_word' id='word_1_2' title='bbox 2924 675 3057 725; x_wconf 89' lang='lat'>122</span> <span class='ocrx_word' id='word_1_3' title='bbox 3170 695 3272 704; x_wconf 89' lang='lat'>—</span> 
     </span>
    </p>
   </div>
   <div class='ocr_carea' id='block_1_2' title="bbox 1117 918 2887 4512">
    <p class='ocr_par' dir='ltr' id='par_1_2' title="bbox 1117 918 2887 2856">
     <span class='ocr_line' id='line_1_2' title="bbox 1121 918 2887 1033; baseline -0.005 -27"><span class='ocrx_word' id='word_1_4' title='bbox 1121 924 1391 1021; x_wconf 90' lang='lat' dir='ltr'>habet,</span> <span class='ocrx_word' id='word_1_5' title='bbox 1490 922 1730 1033; x_wconf 91' lang='lat' dir='ltr'>quasi</span> <span class='ocrx_word' id='word_1_6' title='bbox 1826 948 1928 1003; x_wconf 84' lang='lat' dir='ltr'>ex</span> <span class='ocrx_word' id='word_1_7' title='bbox 2021 919 2305 1001; x_wconf 88' lang='lat' dir='ltr'>tabula</span> <span class='ocrx_word' id='word_1_8' title='bbox 2400 918 2887 1000; x_wconf 88' lang='lat' dir='ltr'>Florentina</span> 
     </span>
     <span class='ocr_line' id='line_1_3' title="bbox 1120 1083 2884 1195; baseline -0.005 -23"><span class='ocrx_word' id='word_1_9' title='bbox 1120 1102 1345 1172; x_wconf 86' lang='lat' dir='ltr'>esset</span> <span class='ocrx_word' id='word_1_10' title='bbox 1438 1101 1791 1184; x_wconf 86' lang='lat' dir='ltr'>exsecta,</span> <span class='ocrx_word' id='word_1_11' title='bbox 1898 1085 1978 1167; x_wconf 94' lang='lat' dir='ltr'>id</span> <span class='ocrx_word' id='word_1_12' title='bbox 2076 1084 2307 1195; x_wconf 89' lang='lat' dir='ltr'>quod</span> <span class='ocrx_word' id='word_1_13' title='bbox 2403 1084 2507 1166; x_wconf 93' lang='lat' dir='ltr'>de</span> <span class='ocrx_word' id='word_1_14' title='bbox 2603 1083 2884 1165; x_wconf 91' lang='lat' dir='ltr'>multis</span> 
     </span>
     <span class='ocr_line' id='line_1_4' title="bbox 1118 1249 2886 1365; baseline -0.005 -28"><span class='ocrx_word' id='word_1_15' title='bbox 1118 1256 1466 1365; x_wconf 89' lang='lat' dir='ltr'>aliisque</span> <span class='ocrx_word' id='word_1_16' title='bbox 1530 1253 1818 1363; x_wconf 82' lang='lat' dir='ltr'>figuris</span> <span class='ocrx_word' id='word_1_17' title='bbox 1884 1263 2162 1362; x_wconf 90' lang='lat' dir='ltr'>potest</span> <span class='ocrx_word' id='word_1_18' title='bbox 2224 1249 2661 1332; x_wconf 89' lang='lat' dir='ltr'>adfirmari.</span> <span class='ocrx_word' id='word_1_19' title='bbox 2756 1249 2886 1329; x_wconf 87' lang='lat' dir='ltr'>Ea</span> 
     </span>
     <span class='ocr_line' id='line_1_5' title="bbox 1119 1414 2884 1528; baseline -0.004 -26"><span class='ocrx_word' id='word_1_20' title='bbox 1119 1421 1341 1503; x_wconf 91' lang='lat' dir='ltr'>enim</span> <span class='ocrx_word' id='word_1_21' title='bbox 1409 1432 1536 1501; x_wconf 94' lang='lat' dir='ltr'>est</span> <span class='ocrx_word' id='word_1_22' title='bbox 1606 1446 1765 1516; x_wconf 79' lang='lat' dir='ltr'>arS,</span> <span class='ocrx_word' id='word_1_23' title='bbox 1834 1445 2049 1528; x_wconf 90' lang='lat' dir='ltr'>quae</span> <span class='ocrx_word' id='word_1_24' title='bbox 2115 1416 2589 1498; x_wconf 82' lang='lat' dir='ltr'><strong>Florentiae</strong></span> <span class='ocrx_word' id='word_1_25' title='bbox 2656 1414 2884 1496; x_wconf 91' lang='lat' dir='ltr'>duci-</span> 
     </span>
     <span class='ocr_line' id='line_1_6' title="bbox 1123 1580 2887 1694; baseline -0.004 -27"><span class='ocrx_word' id='word_1_26' title='bbox 1123 1585 1283 1667; x_wconf 94' lang='lat' dir='ltr'>bus</span> <span class='ocrx_word' id='word_1_27' title='bbox 1384 1584 1762 1694; x_wconf 86' lang='lat' dir='ltr'>Spinello</span> <span class='ocrx_word' id='word_1_28' title='bbox 1859 1583 2212 1664; x_wconf 85' lang='lat' dir='ltr'>Aretino</span> <span class='ocrx_word' id='word_1_29' title='bbox 2314 1593 2396 1662; x_wconf 92' lang='lat' dir='ltr'>et</span> <span class='ocrx_word' id='word_1_30' title='bbox 2495 1580 2887 1663; x_wconf 81' lang='lat' dir='ltr'>Stamina</span> 
     </span>
     <span class='ocr_line' id='line_1_7' title="bbox 1121 1746 2887 1857; baseline -0.006 -21"><span class='ocrx_word' id='word_1_31' title='bbox 1121 1766 1477 1836; x_wconf 85' lang='lat' dir='ltr'>exeunte</span> <span class='ocrx_word' id='word_1_32' title='bbox 1549 1751 1888 1833; x_wconf 90' lang='lat' dir='ltr'>saeculo</span> <span class='ocrx_word' id='word_1_33' title='bbox 1964 1749 2347 1831; x_wconf 88' lang='lat' dir='ltr'>ultimum</span> <span class='ocrx_word' id='word_1_34' title='bbox 2423 1747 2659 1857; x_wconf 82' lang='lat' dir='ltr'>quasi</span> <span class='ocrx_word' id='word_1_35' title='bbox 2735 1746 2887 1827; x_wconf 90' lang='lat' dir='ltr'>im-</span> 
     </span>
     <span class='ocr_line' id='line_1_8' title="bbox 1121 1915 2886 2028; baseline -0.005 -28"><span class='ocrx_word' id='word_1_36' title='bbox 1121 1931 1407 2028; x_wconf 93' lang='lat' dir='ltr'>petum</span> <span class='ocrx_word' id='word_1_37' title='bbox 1473 1916 1849 2026; x_wconf 82' lang='lat' dir='ltr'>sumpsit,</span> <span class='ocrx_word' id='word_1_38' title='bbox 1919 1915 2405 2024; x_wconf 79' lang='lat' dir='ltr'>priusquam</span> <span class='ocrx_word' id='word_1_39' title='bbox 2473 1939 2698 1994; x_wconf 90' lang='lat' dir='ltr'>nova</span> <span class='ocrx_word' id='word_1_40' title='bbox 2756 1939 2886 1992; x_wconf 93' lang='lat' dir='ltr'>ra-</span> 
     </span>
     <span class='ocr_line' id='line_1_9' title="bbox 1118 2078 2885 2189; baseline -0.005 -24"><span class='ocrx_word' id='word_1_41' title='bbox 1118 2085 1346 2166; x_wconf 91' lang='lat' dir='ltr'>tione</span> <span class='ocrx_word' id='word_1_42' title='bbox 1411 2082 1719 2164; x_wconf 89' lang='lat' dir='ltr'>saeculi</span> <span class='ocrx_word' id='word_1_43' title='bbox 1787 2080 2082 2163; x_wconf 82' lang='lat' dir='ltr'><strong>decimi</strong></span> <span class='ocrx_word' id='word_1_44' title='bbox 2142 2078 2400 2189; x_wconf 91' lang='lat' dir='ltr'>quinti</span> <span class='ocrx_word' id='word_1_45' title='bbox 2468 2078 2658 2158; x_wconf 94' lang='lat' dir='ltr'>loco</span> <span class='ocrx_word' id='word_1_46' title='bbox 2726 2103 2885 2158; x_wconf 94' lang='lat' dir='ltr'>suo</span> 
     </span>
     <span class='ocr_line' id='line_1_10' title="bbox 1120 2243 2884 2332; baseline -0.006 0"><span class='ocrx_word' id='word_1_47' title='bbox 1120 2250 1733 2332; x_wconf 84' lang='lat' dir='ltr'>demoveretur.</span> <span class='ocrx_word' id='word_1_48' title='bbox 1843 2247 1960 2328; x_wconf 93' lang='lat' dir='ltr'>Ut</span> <span class='ocrx_word' id='word_1_49' title='bbox 2046 2258 2327 2327; x_wconf 90' lang='lat' dir='ltr'>autem</span> <span class='ocrx_word' id='word_1_50' title='bbox 2411 2243 2557 2325; x_wconf 81' lang='lat' dir='ltr'>&#39;ille</span> <span class='ocrx_word' id='word_1_51' title='bbox 2649 2243 2884 2325; x_wconf 85' lang='lat' dir='ltr'>Star-</span> 
     </span>
     <span class='ocr_line' id='line_1_11' title="bbox 1120 2410 2887 2523; baseline -0.004 -26"><span class='ocrx_word' id='word_1_52' title='bbox 1120 2417 1314 2497; x_wconf 90' lang='lat' dir='ltr'>nina</span> <span class='ocrx_word' id='word_1_53' title='bbox 1379 2416 1490 2497; x_wconf 90' lang='lat' dir='ltr'>ita</span> <span class='ocrx_word' id='word_1_54' title='bbox 1546 2414 1676 2496; x_wconf 90' lang='lat' dir='ltr'>hic</span> <span class='ocrx_word' id='word_1_55' title='bbox 1730 2413 1836 2495; x_wconf 90' lang='lat' dir='ltr'>de</span> <span class='ocrx_word' id='word_1_56' title='bbox 1891 2440 2061 2523; x_wconf 89' lang='lat' dir='ltr'>quo</span> <span class='ocrx_word' id='word_1_57' title='bbox 2120 2412 2643 2521; x_wconf 80' lang='lat' dir='ltr'>disputamus</span> <span class='ocrx_word' id='word_1_58' title='bbox 2699 2410 2887 2491; x_wconf 91' lang='lat' dir='ltr'>arti-</span> 
     </span>
     <span class='ocr_line' id='line_1_12' title="bbox 1117 2575 2881 2687; baseline -0.005 -24"><span class='ocrx_word' id='word_1_59' title='bbox 1117 2583 1252 2663; x_wconf 86' lang='lat' dir='ltr'>fex</span> <span class='ocrx_word' id='word_1_60' title='bbox 1341 2580 1606 2662; x_wconf 93' lang='lat' dir='ltr'>multo</span> <span class='ocrx_word' id='word_1_61' title='bbox 1699 2578 2142 2660; x_wconf 82' lang='lat' dir='ltr'>demissior</span> <span class='ocrx_word' id='word_1_62' title='bbox 2223 2577 2572 2687; x_wconf 91' lang='lat' dir='ltr'>patriam</span> <span class='ocrx_word' id='word_1_63' title='bbox 2656 2575 2881 2656; x_wconf 90' lang='lat' dir='ltr'>Tus-</span> 
     </span>
     <span class='ocr_line' id='line_1_13' title="bbox 1118 2744 2213 2856; baseline -0.003 -28"><span class='ocrx_word' id='word_1_64' title='bbox 1118 2774 1300 2828; x_wconf 91' lang='lat' dir='ltr'>cam</span> <span class='ocrx_word' id='word_1_65' title='bbox 1367 2746 1801 2856; x_wconf 83' lang='lat' dir='ltr'>reliquisse</span> <span class='ocrx_word' id='word_1_66' title='bbox 1866 2744 2213 2826; x_wconf 91' lang='lat' dir='ltr'>videtur.</span> 
     </span>
    </p>

    <p class='ocr_par' dir='ltr' id='par_1_3' title="bbox 1118 2908 2884 4512">
     <span class='ocr_line' id='line_1_14' title="bbox 1271 2908 2884 3020; baseline -0.004 -26"><span class='ocrx_word' id='word_1_67' title='bbox 1271 2911 1599 3020; x_wconf 74' lang='lat' dir='ltr'>Quodsi</span> <span class='ocrx_word' id='word_1_68' title='bbox 1694 2910 2228 2992; x_wconf 91' lang='lat' dir='ltr'>meminimus</span> <span class='ocrx_word' id='word_1_69' title='bbox 2323 2909 2476 2991; x_wconf 92' lang='lat' dir='ltr'>illis</span> <span class='ocrx_word' id='word_1_70' title='bbox 2568 2908 2884 2989; x_wconf 87' lang='lat' dir='ltr'>circiter</span> 
     </span>
     <span class='ocr_line' id='line_1_15' title="bbox 1118 3074 2878 3188; baseline -0.004 -28"><span class='ocrx_word' id='word_1_71' title='bbox 1118 3078 1642 3188; x_wconf 86' lang='lat' dir='ltr'>temporibus</span> <span class='ocrx_word' id='word_1_72' title='bbox 1747 3077 2172 3186; x_wconf 84' lang='lat' dir='ltr'>Filippum</span> <span class='ocrx_word' id='word_1_73' title='bbox 2277 3074 2878 3169; x_wconf 86' lang='lat' dir='ltr'>Florentinum,</span> 
     </span>
     <span class='ocr_line' id='line_1_16' title="bbox 1118 3239 2879 3353; baseline -0.003 -29"><span class='ocrx_word' id='word_1_74' title='bbox 1118 3244 1257 3353; x_wconf 88' lang='lat' dir='ltr'>qui</span> <span class='ocrx_word' id='word_1_75' title='bbox 1341 3244 1610 3353; x_wconf 91' lang='lat' dir='ltr'>Pippo</span> <span class='ocrx_word' id='word_1_76' title='bbox 1694 3243 1988 3352; x_wconf 83' lang='lat' dir='ltr'>Spano</span> <span class='ocrx_word' id='word_1_77' title='bbox 2072 3241 2347 3351; x_wconf 46' lang='lat' dir='ltr'>vulgo*</span> <span class='ocrx_word' id='word_1_78' title='bbox 2430 3239 2879 3334; x_wconf 80' lang='lat' dir='ltr'>dicebatur,</span> 
     </span>
     <span class='ocr_line' id='line_1_17' title="bbox 1119 3403 2883 3515; baseline -0.003 -25"><span class='ocrx_word' id='word_1_79' title='bbox 1119 3410 1198 3490; x_wconf 94' lang='lat' dir='ltr'>in</span> <span class='ocrx_word' id='word_1_80' title='bbox 1282 3408 1507 3490; x_wconf 88' lang='lat' dir='ltr'>Alba</span> <span class='ocrx_word' id='word_1_81' title='bbox 1589 3408 1849 3489; x_wconf 87' lang='lat' dir='ltr'>Reale</span> <span class='ocrx_word' id='word_1_82' title='bbox 1936 3407 2334 3489; x_wconf 92' lang='lat' dir='ltr'>sacellum</span> <span class='ocrx_word' id='word_1_83' title='bbox 2425 3403 2883 3515; x_wconf 81' lang='lat' dir='ltr'>sepulcrale</span> 
     </span>
     <span class='ocr_line' id='line_1_18' title="bbox 1118 3570 2883 3684; baseline -0.003 -28"><span class='ocrx_word' id='word_1_84' title='bbox 1118 3601 1364 3657; x_wconf 92' lang='lat' dir='ltr'>suum</span> <span class='ocrx_word' id='word_1_85' title='bbox 1409 3574 1915 3670; x_wconf 89' lang='lat' dir='ltr'>aedificasse,</span> <span class='ocrx_word' id='word_1_86' title='bbox 1973 3572 2201 3684; x_wconf 92' lang='lat' dir='ltr'>quod</span> <span class='ocrx_word' id='word_1_87' title='bbox 2256 3572 2364 3654; x_wconf 92' lang='lat' dir='ltr'>ab</span> <span class='ocrx_word' id='word_1_88' title='bbox 2408 3570 2633 3652; x_wconf 91' lang='lat' dir='ltr'>haud</span> <span class='ocrx_word' id='word_1_89' title='bbox 2676 3597 2883 3680; x_wconf 90' lang='lat' dir='ltr'>pau-</span> 
     </span>
     <span class='ocr_line' id='line_1_19' title="bbox 1118 3737 2884 3822; baseline -0.004 0"><span class='ocrx_word' id='word_1_90' title='bbox 1118 3740 1233 3822; x_wconf 90' lang='lat' dir='ltr'>cis</span> <span class='ocrx_word' id='word_1_91' title='bbox 1286 3739 1733 3822; x_wconf 90' lang='lat' dir='ltr'>artificibus</span> <span class='ocrx_word' id='word_1_92' title='bbox 1773 3738 2074 3820; x_wconf 91' lang='lat' dir='ltr'>Tuscis</span> <span class='ocrx_word' id='word_1_93' title='bbox 2128 3737 2600 3819; x_wconf 90' lang='lat' dir='ltr'>ornandum</span> <span class='ocrx_word' id='word_1_94' title='bbox 2653 3762 2884 3817; x_wconf 91' lang='lat' dir='ltr'>cura—</span> 
     </span>
     <span class='ocr_line' id='line_1_20' title="bbox 1118 3901 2883 4014; baseline -0.002 -29"><span class='ocrx_word' id='word_1_95' title='bbox 1118 3916 1372 4004; x_wconf 87' lang='lat' dir='ltr'>verat,</span> <span class='ocrx_word' id='word_1_96' title='bbox 1478 3906 1689 3987; x_wconf 91' lang='lat' dir='ltr'>inter</span> <span class='ocrx_word' id='word_1_97' title='bbox 1752 3931 2006 4014; x_wconf 81' lang='lat' dir='ltr'>quos</span> <span class='ocrx_word' id='word_1_98' title='bbox 2089 3904 2412 3985; x_wconf 91' lang='lat' dir='ltr'>Tomas</span> <span class='ocrx_word' id='word_1_99' title='bbox 2506 3901 2883 3984; x_wconf 89' lang='lat' dir='ltr'>Christo-</span> 
     </span>
     <span class='ocr_line' id='line_1_21' title="bbox 1119 4067 2883 4183; baseline -0.002 -30"><span class='ocrx_word' id='word_1_100' title='bbox 1119 4073 1357 4183; x_wconf 88' lang='lat' dir='ltr'>phori</span> <span class='ocrx_word' id='word_1_101' title='bbox 1431 4072 1614 4153; x_wconf 85' lang='lat' dir='ltr'>Fini</span> <span class='ocrx_word' id='word_1_102' title='bbox 1681 4071 1945 4180; x_wconf 91' lang='lat' dir='ltr'>pictor</span> <span class='ocrx_word' id='word_1_103' title='bbox 2009 4070 2546 4151; x_wconf 85' lang='lat' dir='ltr'>Florentinus</span> <span class='ocrx_word' id='word_1_104' title='bbox 2618 4067 2883 4178; x_wconf 82' lang='lat' dir='ltr'>vulgo</span> 
     </span>
     <span class='ocr_line' id='line_1_22' title="bbox 1121 4235 2884 4332; baseline -0.002 -14"><span class='ocrx_word' id='word_1_105' title='bbox 1121 4237 1386 4319; x_wconf 92' lang='lat' dir='ltr'>dictus</span> <span class='ocrx_word' id='word_1_106' title='bbox 1446 4237 1868 4318; x_wconf 87' lang='lat' dir='ltr'>Masolino</span> <span class='ocrx_word' id='word_1_107' title='bbox 1933 4236 2441 4318; x_wconf 90' lang='lat' dir='ltr'>clarissimus</span> <span class='ocrx_word' id='word_1_108' title='bbox 2506 4235 2672 4332; x_wconf 86' lang='lat' dir='ltr'>suit,</span> <span class='ocrx_word' id='word_1_109' title='bbox 2742 4235 2884 4316; x_wconf 93' lang='lat' dir='ltr'>de-</span> 
     </span>
     <span class='ocr_line' id='line_1_23' title="bbox 1127 4401 2884 4512; baseline -0.003 -27"><span class='ocrx_word' id='word_1_110' title='bbox 1127 4404 1318 4486; x_wconf 89' lang='lat' dir='ltr'>inde</span> <span class='ocrx_word' id='word_1_111' title='bbox 1394 4403 1462 4485; x_wconf 92' lang='lat' dir='ltr'>si</span> <span class='ocrx_word' id='word_1_112' title='bbox 1539 4416 2056 4512; x_wconf 56' lang='lat' dir='ltr'>reputamus</span> <span class='ocrx_word' id='word_1_113' title='bbox 2133 4429 2387 4511; x_wconf 89' lang='lat' dir='ltr'>quam</span> <span class='ocrx_word' id='word_1_114' title='bbox 2453 4401 2594 4482; x_wconf 93' lang='lat' dir='ltr'>diu</span> <span class='ocrx_word' id='word_1_115' title='bbox 2666 4427 2884 4481; x_wconf 85' lang='lat' dir='ltr'>cras-</span> 
     </span>
    </p>
   </div>
   <div class='ocr_carea' id='block_1_3' title="bbox 1125 4566 2880 4679">
    <p class='ocr_par' dir='ltr' id='par_1_4' title="bbox 1125 4566 2880 4679">
     <span class='ocr_line' id='line_1_24' title="bbox 1125 4566 2880 4679; baseline -0.001 -29"><span class='ocrx_word' id='word_1_116' title='bbox 1125 4597 1269 4650; x_wconf 92' lang='lat' dir='ltr'>sus</span> <span class='ocrx_word' id='word_1_117' title='bbox 1336 4569 1737 4679; x_wconf 84' lang='lat' dir='ltr'>lignarius</span> <span class='ocrx_word' id='word_1_118' title='bbox 1801 4569 2230 4651; x_wconf 91' lang='lat' dir='ltr'>Manettus</span> <span class='ocrx_word' id='word_1_119' title='bbox 2298 4566 2574 4649; x_wconf 90' lang='lat' dir='ltr'>Iacobi</span> <span class='ocrx_word' id='word_1_120' title='bbox 2642 4567 2880 4661; x_wconf 79' lang='lat' dir='ltr'>filius,</span> 
     </span>
    </p>
   </div>
   <div class='ocr_carea' id='block_1_4' title="bbox 3086 3080 4056 5202">
    <p class='ocr_par' dir='ltr' id='par_1_5' title="bbox 3086 3080 4056 5202">
     <span class='ocr_line' id='line_1_25' title="bbox 3086 3080 4056 5202; baseline 0 0"><span class='ocrx_word' id='word_1_121' title='bbox 3086 3080 4056 5202; x_wconf 95' lang='lat' dir='ltr'> </span> 
     </span>
    </p>
   </div>
   <div class='ocr_carea' id='block_1_5' title="bbox 3096 918 4870 4511">
    <p class='ocr_par' dir='ltr' id='par_1_6' title="bbox 3097 918 4870 2522">
     <span class='ocr_line' id='line_1_26' title="bbox 3097 918 4861 1028; baseline 0.001 -30"><span class='ocrx_word' id='word_1_122' title='bbox 3097 918 3678 1028; x_wconf 86' lang='lat' dir='ltr'>protagonista</span> <span class='ocrx_word' id='word_1_123' title='bbox 3759 918 3997 1027; x_wconf 90' lang='lat' dir='ltr'>quasi</span> <span class='ocrx_word' id='word_1_124' title='bbox 4072 918 4535 999; x_wconf 90' lang='lat' dir='ltr'>Italicarum</span> <span class='ocrx_word' id='word_1_125' title='bbox 4603 918 4861 1000; x_wconf 85' lang='lat' dir='ltr'>fabel-</span> 
     </span>
     <span class='ocr_line' id='line_1_27' title="bbox 3097 1083 4860 1194; baseline 0.001 -29"><span class='ocrx_word' id='word_1_126' title='bbox 3097 1085 3363 1166; x_wconf 91' lang='lat' dir='ltr'>larum</span> <span class='ocrx_word' id='word_1_127' title='bbox 3447 1083 3941 1165; x_wconf 90' lang='lat' dir='ltr'>architectus</span> <span class='ocrx_word' id='word_1_128' title='bbox 4015 1084 4556 1194; x_wconf 89' lang='lat' dir='ltr'>sculptorque</span> <span class='ocrx_word' id='word_1_129' title='bbox 4629 1112 4860 1166; x_wconf 94' lang='lat' dir='ltr'>sum-</span> 
     </span>
     <span class='ocr_line' id='line_1_28' title="bbox 3098 1250 4863 1360; baseline 0 -28"><span class='ocrx_word' id='word_1_130' title='bbox 3098 1278 3236 1332; x_wconf 91' lang='lat' dir='ltr'>ma</span> <span class='ocrx_word' id='word_1_131' title='bbox 3318 1250 3687 1331; x_wconf 89' lang='lat' dir='ltr'>floruerit</span> <span class='ocrx_word' id='word_1_132' title='bbox 3766 1250 4255 1332; x_wconf 90' lang='lat' dir='ltr'>auctoritate</span> <span class='ocrx_word' id='word_1_133' title='bbox 4341 1251 4420 1331; x_wconf 89' lang='lat' dir='ltr'>in</span> <span class='ocrx_word' id='word_1_134' title='bbox 4507 1251 4863 1360; x_wconf 83' lang='lat' dir='ltr'>Hunga-</span> 
     </span>
     <span class='ocr_line' id='line_1_29' title="bbox 3097 1416 4866 1526; baseline 0.001 -30"><span class='ocrx_word' id='word_1_135' title='bbox 3097 1416 3238 1514; x_wconf 90' lang='lat' dir='ltr'>ria,</span> <span class='ocrx_word' id='word_1_136' title='bbox 3306 1443 3478 1526; x_wconf 92' lang='lat' dir='ltr'>quo</span> <span class='ocrx_word' id='word_1_137' title='bbox 3538 1416 3966 1498; x_wconf 84' lang='lat' dir='ltr'>Florentia</span> <span class='ocrx_word' id='word_1_138' title='bbox 4030 1444 4254 1498; x_wconf 91' lang='lat' dir='ltr'>anno</span> <span class='ocrx_word' id='word_1_139' title='bbox 4324 1441 4546 1522; x_wconf 86' lang='lat'>1409</span> <span class='ocrx_word' id='word_1_140' title='bbox 4612 1443 4866 1498; x_wconf 90' lang='lat' dir='ltr'>vene-</span> 
     </span>
     <span class='ocr_line' id='line_1_30' title="bbox 3097 1583 4863 1681; baseline -0.001 -17"><span class='ocrx_word' id='word_1_141' title='bbox 3097 1595 3242 1681; x_wconf 91' lang='lat' dir='ltr'>rat,</span> <span class='ocrx_word' id='word_1_142' title='bbox 3338 1584 3593 1665; x_wconf 91' lang='lat' dir='ltr'>miros</span> <span class='ocrx_word' id='word_1_143' title='bbox 3685 1611 3843 1665; x_wconf 91' lang='lat' dir='ltr'>nos</span> <span class='ocrx_word' id='word_1_144' title='bbox 3936 1611 4106 1665; x_wconf 92' lang='lat' dir='ltr'>non</span> <span class='ocrx_word' id='word_1_145' title='bbox 4200 1584 4449 1666; x_wconf 93' lang='lat' dir='ltr'>debet</span> <span class='ocrx_word' id='word_1_146' title='bbox 4530 1583 4863 1680; x_wconf 87' lang='lat' dir='ltr'>habere,</span> 
     </span>
     <span class='ocr_line' id='line_1_31' title="bbox 3098 1749 4863 1859; baseline -0.001 -29"><span class='ocrx_word' id='word_1_147' title='bbox 3098 1749 3328 1859; x_wconf 90' lang='lat' dir='ltr'>quod</span> <span class='ocrx_word' id='word_1_148' title='bbox 3406 1749 3656 1831; x_wconf 92' lang='lat' dir='ltr'>etiam</span> <span class='ocrx_word' id='word_1_149' title='bbox 3730 1749 4085 1859; x_wconf 85' lang='lat' dir='ltr'>Spalato</span> <span class='ocrx_word' id='word_1_150' title='bbox 4155 1750 4233 1830; x_wconf 91' lang='lat' dir='ltr'>in</span> <span class='ocrx_word' id='word_1_151' title='bbox 4302 1750 4507 1831; x_wconf 92' lang='lat' dir='ltr'>urbe</span> <span class='ocrx_word' id='word_1_152' title='bbox 4574 1749 4863 1830; x_wconf 89' lang='lat' dir='ltr'>Tusco</span> 
     </span>
     <span class='ocr_line' id='line_1_32' title="bbox 3100 1915 4866 2025; baseline 0 -30"><span class='ocrx_word' id='word_1_153' title='bbox 3100 1915 3392 2024; x_wconf 91' lang='lat' dir='ltr'>pictori</span> <span class='ocrx_word' id='word_1_154' title='bbox 3478 1917 4011 2014; x_wconf 90' lang='lat' dir='ltr'>occurrimus,</span> <span class='ocrx_word' id='word_1_155' title='bbox 4108 1917 4247 2025; x_wconf 90' lang='lat' dir='ltr'>qui</span> <span class='ocrx_word' id='word_1_156' title='bbox 4342 1916 4421 1997; x_wconf 91' lang='lat' dir='ltr'>in</span> <span class='ocrx_word' id='word_1_157' title='bbox 4512 1915 4866 1997; x_wconf 92' lang='lat' dir='ltr'>barbara</span> 
     </span>
     <span class='ocr_line' id='line_1_33' title="bbox 3097 2080 4870 2192; baseline 0.001 -31"><span class='ocrx_word' id='word_1_158' title='bbox 3097 2092 3319 2163; x_wconf 91' lang='lat' dir='ltr'>terra</span> <span class='ocrx_word' id='word_1_159' title='bbox 3423 2080 3723 2162; x_wconf 90' lang='lat' dir='ltr'>librum</span> <span class='ocrx_word' id='word_1_160' title='bbox 3828 2081 4307 2192; x_wconf 91' lang='lat' dir='ltr'>simpliciter</span> <span class='ocrx_word' id='word_1_161' title='bbox 4406 2080 4870 2163; x_wconf 87' lang='lat' dir='ltr'>exornabat</span> 
     </span>
     <span class='ocr_line' id='line_1_34' title="bbox 3101 2246 4865 2358; baseline 0.001 -32"><span class='ocrx_word' id='word_1_162' title='bbox 3101 2246 3196 2328; x_wconf 94' lang='lat' dir='ltr'>iis</span> <span class='ocrx_word' id='word_1_163' title='bbox 3259 2247 3456 2329; x_wconf 91' lang='lat' dir='ltr'>artis</span> <span class='ocrx_word' id='word_1_164' title='bbox 3523 2275 3726 2330; x_wconf 90' lang='lat' dir='ltr'>suae</span> <span class='ocrx_word' id='word_1_165' title='bbox 3793 2248 4101 2358; x_wconf 85' lang='lat' dir='ltr'>regulis</span> <span class='ocrx_word' id='word_1_166' title='bbox 4156 2276 4382 2346; x_wconf 93' lang='lat' dir='ltr'>usus,</span> <span class='ocrx_word' id='word_1_167' title='bbox 4451 2275 4660 2358; x_wconf 88' lang='lat' dir='ltr'>quas</span> <span class='ocrx_word' id='word_1_168' title='bbox 4716 2248 4865 2328; x_wconf 93' lang='lat' dir='ltr'>do-</span> 
     </span>
     <span class='ocr_line' id='line_1_35' title="bbox 3101 2412 3848 2522; baseline 0.004 -30"><span class='ocrx_word' id='word_1_169' title='bbox 3101 2412 3210 2493; x_wconf 90' lang='lat' dir='ltr'>mi</span> <span class='ocrx_word' id='word_1_170' title='bbox 3276 2413 3848 2522; x_wconf 86' lang='lat' dir='ltr'>perdidicerat.</span> 
     </span>
    </p>

    <p class='ocr_par' dir='ltr' id='par_1_7' title="bbox 3096 2579 4865 4511">
     <span class='ocr_line' id='line_1_36' title="bbox 3246 2579 4858 2690; baseline -0.001 -29"><span class='ocrx_word' id='word_1_171' title='bbox 3246 2579 3364 2661; x_wconf 91' lang='lat' dir='ltr'>Ut</span> <span class='ocrx_word' id='word_1_172' title='bbox 3429 2579 3649 2660; x_wconf 89' lang='lat' dir='ltr'>enim</span> <span class='ocrx_word' id='word_1_173' title='bbox 3716 2580 3917 2661; x_wconf 91' lang='lat' dir='ltr'>olim</span> <span class='ocrx_word' id='word_1_174' title='bbox 3983 2579 4346 2690; x_wconf 89' lang='lat' dir='ltr'>apostoli</span> <span class='ocrx_word' id='word_1_175' title='bbox 4424 2579 4530 2661; x_wconf 90' lang='lat' dir='ltr'>ad</span> <span class='ocrx_word' id='word_1_176' title='bbox 4596 2606 4858 2689; x_wconf 87' lang='lat' dir='ltr'>paga-</span> 
     </span>
     <span class='ocr_line' id='line_1_37' title="bbox 3098 2744 4865 2855; baseline 0.001 -30"><span class='ocrx_word' id='word_1_177' title='bbox 3098 2771 3278 2841; x_wconf 90' lang='lat' dir='ltr'>nos,</span> <span class='ocrx_word' id='word_1_178' title='bbox 3347 2744 3457 2826; x_wconf 87' lang='lat' dir='ltr'>ita</span> <span class='ocrx_word' id='word_1_179' title='bbox 3510 2745 3766 2827; x_wconf 89' lang='lat' dir='ltr'>Tusci</span> <span class='ocrx_word' id='word_1_180' title='bbox 3832 2746 4182 2828; x_wconf 90' lang='lat' dir='ltr'>artifices</span> <span class='ocrx_word' id='word_1_181' title='bbox 4249 2772 4397 2855; x_wconf 91' lang='lat' dir='ltr'>per</span> <span class='ocrx_word' id='word_1_182' title='bbox 4455 2772 4681 2827; x_wconf 90' lang='lat' dir='ltr'>mare</span> <span class='ocrx_word' id='word_1_183' title='bbox 4747 2757 4865 2826; x_wconf 90' lang='lat' dir='ltr'>at-</span> 
     </span>
     <span class='ocr_line' id='line_1_38' title="bbox 3096 2912 4860 3022; baseline 0 -30"><span class='ocrx_word' id='word_1_184' title='bbox 3096 2938 3259 3022; x_wconf 89' lang='lat' dir='ltr'>que</span> <span class='ocrx_word' id='word_1_185' title='bbox 3363 2925 3667 2994; x_wconf 90' lang='lat' dir='ltr'>terram</span> <span class='ocrx_word' id='word_1_186' title='bbox 3775 2913 4257 3021; x_wconf 82' lang='lat' dir='ltr'>migrarunt,</span> <span class='ocrx_word' id='word_1_187' title='bbox 4354 2912 4494 3022; x_wconf 91' lang='lat' dir='ltr'>qui</span> <span class='ocrx_word' id='word_1_188' title='bbox 4602 2912 4860 2994; x_wconf 90' lang='lat' dir='ltr'>nuntii</span> 
     </span>
     <span class='ocr_line' id='line_1_39' title="bbox 4111 3077 4864 3159; baseline -0.003 0"><span class='ocrx_word' id='word_1_189' title='bbox 4111 3105 4385 3159; x_wconf 90' lang='lat' dir='ltr'>novae</span> <span class='ocrx_word' id='word_1_190' title='bbox 4454 3077 4666 3159; x_wconf 91' lang='lat' dir='ltr'>illius</span> <span class='ocrx_word' id='word_1_191' title='bbox 4738 3104 4864 3158; x_wconf 94' lang='lat' dir='ltr'>ar-</span> 
     </span>
     <span class='ocr_line' id='line_1_40' title="bbox 4055 3216 4864 3352; baseline -0.004 -26"><span class='ocrx_word' id='word_1_192' title='bbox 4055 3216 4056 3229; x_wconf 19' lang='lat'><em>*</em></span> <span class='ocrx_word' id='word_1_193' title='bbox 4108 3245 4210 3326; x_wconf 93' lang='lat' dir='ltr'>tis</span> <span class='ocrx_word' id='word_1_194' title='bbox 4264 3243 4662 3325; x_wconf 89' lang='lat' dir='ltr'>Italorum</span> <span class='ocrx_word' id='word_1_195' title='bbox 4714 3269 4864 3352; x_wconf 94' lang='lat' dir='ltr'>po-</span> 
     </span>
     <span class='ocr_line' id='line_1_41' title="bbox 4108 3409 4862 3519; baseline -0.001 -29"><span class='ocrx_word' id='word_1_196' title='bbox 4108 3409 4301 3519; x_wconf 90' lang='lat' dir='ltr'>puli,</span> <span class='ocrx_word' id='word_1_197' title='bbox 4328 3436 4544 3519; x_wconf 90' lang='lat' dir='ltr'>quae</span> <span class='ocrx_word' id='word_1_198' title='bbox 4565 3410 4862 3514; x_wconf 91' lang='lat' dir='ltr'>aJocto</span> 
     </span>
     <span class='ocr_line' id='line_1_42' title="bbox 4107 3574 4864 3656; baseline 0 -2"><span class='ocrx_word' id='word_1_199' title='bbox 4107 3574 4549 3656; x_wconf 89' lang='lat' dir='ltr'>Bondonis</span> <span class='ocrx_word' id='word_1_200' title='bbox 4580 3574 4864 3655; x_wconf 90' lang='lat' dir='ltr'>condi-</span> 
     </span>
     <span class='ocr_line' id='line_1_43' title="bbox 4106 3752 4863 3849; baseline -0.001 -26"><span class='ocrx_word' id='word_1_201' title='bbox 4106 3754 4191 3823; x_wconf 91' lang='lat' dir='ltr'>ta</span> <span class='ocrx_word' id='word_1_202' title='bbox 4243 3752 4437 3838; x_wconf 90' lang='lat' dir='ltr'>erat,</span> <span class='ocrx_word' id='word_1_203' title='bbox 4493 3767 4863 3849; x_wconf 81' lang='lat' dir='ltr'>euange-</span> 
     </span>
     <span class='ocr_line' id='line_1_44' title="bbox 4107 3905 4864 3988; baseline 0 -2"><span class='ocrx_word' id='word_1_204' title='bbox 4107 3906 4304 3987; x_wconf 92' lang='lat' dir='ltr'>lium</span> <span class='ocrx_word' id='word_1_205' title='bbox 4333 3918 4423 3987; x_wconf 95' lang='lat' dir='ltr'>ut</span> <span class='ocrx_word' id='word_1_206' title='bbox 4458 3907 4566 3988; x_wconf 90' lang='lat' dir='ltr'>ita</span> <span class='ocrx_word' id='word_1_207' title='bbox 4595 3905 4864 3987; x_wconf 89' lang='lat' dir='ltr'>dicam</span> 
     </span>
     <span class='ocr_line' id='line_1_45' title="bbox 4108 4071 4863 4181; baseline 0 -29"><span class='ocrx_word' id='word_1_208' title='bbox 4108 4071 4476 4153; x_wconf 89' lang='lat' dir='ltr'>veritatis</span> <span class='ocrx_word' id='word_1_209' title='bbox 4540 4083 4622 4152; x_wconf 92' lang='lat' dir='ltr'>et</span> <span class='ocrx_word' id='word_1_210' title='bbox 4683 4071 4863 4181; x_wconf 91' lang='lat' dir='ltr'>pul-</span> 
     </span>
     <span class='ocr_line' id='line_1_46' title="bbox 4038 4237 4864 4347; baseline 0 -29"><span class='ocrx_word' id='word_1_211' title='bbox 4038 4271 4039 4274; x_wconf 40' lang='lat'>*</span> <span class='ocrx_word' id='word_1_212' title='bbox 4109 4237 4588 4319; x_wconf 91' lang='lat' dir='ltr'>chritudinis</span> <span class='ocrx_word' id='word_1_213' title='bbox 4629 4265 4864 4347; x_wconf 90' lang='lat' dir='ltr'>prae-</span> 
     </span>
     <span class='ocr_line' id='line_1_47' title="bbox 4116 4403 4861 4511; baseline 0 -28"><span class='ocrx_word' id='word_1_214' title='bbox 4116 4403 4505 4485; x_wconf 92' lang='lat' dir='ltr'>dicabant</span> <span class='ocrx_word' id='word_1_215' title='bbox 4610 4416 4861 4511; x_wconf 90' lang='lat' dir='ltr'>atque</span> 
     </span>
    </p>
   </div>
   <div class='ocr_carea' id='block_1_6' title="bbox 4112 4556 4683 4677">
    <p class='ocr_par' dir='ltr' id='par_1_8' title="bbox 4112 4556 4683 4677">
     <span class='ocr_line' id='line_1_48' title="bbox 4112 4556 4683 4677; baseline 0.002 -29"><span class='ocrx_word' id='word_1_216' title='bbox 4112 4556 4683 4677; x_wconf 85' lang='lat' dir='ltr'>divulgabant.</span> 
     </span>
    </p>
   </div>
  </div>
 </body>
</html>
