5559 7392
2343 726 2438 737 ..-
2553 688 2651 776 89
2762 725 2856 734 -.

886 951 1366 1058 Apparatus
1463 947 1651 1056 equi
1752 960 1979 1028 tanta
2074 962 2200 1030 est
2294 948 2494 1029 sim-

734 1115 1113 1224 plicitate,
1210 1126 1299 1195 ut
1378 1113 1602 1195 haud
1687 1113 1946 1195 multa
2030 1126 2494 1195 memoratu

735 1281 990 1390 digna
1054 1279 1495 1361 videantur
1567 1307 1777 1361 esse.
1888 1281 2017 1360 Ex
2092 1305 2327 1361 more
2400 1278 2494 1359 il-

735 1446 1006 1528 lorum
1089 1458 1565 1555 temporum
1650 1445 2002 1526 formata
2084 1458 2211 1527 est
2291 1444 2496 1526 sella

733 1612 1141 1722 equestris
1180 1611 1695 1694 reclinatorio
1732 1612 2034 1693 inflexo
2077 1612 2492 1710 instructa,

735 1778 994 1859 rarius
1049 1777 1876 1886 comprehenduntur
1937 1779 2278 1888 gemina
2334 1779 2495 1860 sel-

735 1942 864 2024 lae
923 1943 1255 2054 cingula
1308 1957 1391 2026 ct
1438 1943 1755 2053 stapiae
1812 1944 1892 2024 in
1957 1944 2307 2025 modum
2361 1945 2496 2025 tri-

732 2109 1017 2218 anguli
1084 2109 1365 2191 factae.
1469 2110 1623 2191 Sat
1685 2108 2075 2190 notabilis
2138 2122 2220 2191 et
2283 2136 2496 2219 quae

732 2276 872 2356 vix
957 2276 1560 2358 occidentalem
1636 2275 2045 2357 rationem
2119 2303 2318 2384 prae
2403 2303 2495 2356 se

733 2441 884 2522 fert
944 2455 1070 2523 est
1130 2440 1787 2523 loramentorum
1841 2441 2255 2550 posterior
2305 2468 2497 2551 pars

731 2621 981 2718 atque
1035 2608 1240 2689 mira
1293 2607 1540 2690 etiam
1585 2607 1973 2689 videntur
2024 2607 2312 2716 capitis
2358 2635 2493 2688 or-

731 2787 1216 2857 namentum
1309 2801 1499 2856 cum
1583 2774 1782 2855 loris
1873 2800 2126 2883 super
2207 2786 2494 2855 natum

729 2940 1006 3023 tractis
1071 2953 1154 3022 et
1217 2940 1423 3022 ratio
1504 2967 1814 3049 equum
1889 2940 2236 3050 simplici
2304 2940 2495 3023 fune

729 3104 1126 3204 frenandi,
1181 3133 1371 3187 cum
1419 3132 1666 3187 oreae
1711 3105 1791 3186 in
1838 3105 2288 3187 Germania
2332 3105 2494 3187 iam

731 3301 781 3354 a
855 3272 1424 3383 superioribus
1508 3271 1757 3353 medii
1842 3272 2026 3353 aevi
2101 3272 2497 3382 tempori-

730 3440 889 3522 bus
952 3439 1059 3521 ad
1125 3466 1392 3550 equos
1446 3438 1793 3521 bellicos
1846 3437 2295 3520 frenandos
2347 3438 2495 3520 ad-

634 3639 639 3644 ·
729 3605 1035 3688 hibitae
1117 3618 1419 3704 essent,
1506 3605 1657 3686 sed
1741 3605 2056 3688 circiter
2141 3617 2495 3688 exeunte

730 3772 1068 3854 saeculo
1134 3784 1431 3881 quarto
1495 3771 1821 3853 decimo
1888 3798 2057 3880 quo
2114 3784 2495 3880 tempore

732 3938 861 4020 hic
954 3937 1221 4019 codex
1317 3951 1549 4019 ortus
1644 3950 1791 4035 θεῖ,
1890 3936 2152 4047 vulgo
2245 3964 2495 4019 oreae

731 4131 896 4185 una
949 4131 1137 4185 cum
1194 4103 1386 4186 fune
1452 4104 1533 4185 in
1599 4104 1975 4186 omnium
2043 4131 2289 4186 usum
2344 4132 2493 4186 ve-

732 4270 1068 4353 nissent.
1119 4270 1655 4380 (Exemplum
1702 4272 1891 4381 equi
1939 4271 2130 4353 fune
2176 4270 2494 4353 solum-

732 4435 995 4517 modo
1041 4436 1351 4535 frenati‚
1412 4436 1643 4546 quod
1690 4435 2066 4518 eiusdem
2115 4450 2241 4518 est
2283 4449 2493 4518 tem-

730 4602 980 4711 poriS‚
1032 4615 1670 4684 monumentum
1698 4600 2284 4684 'Bernarbonis
2306 4601 2492 4684 Vis-

731 4767 954 4850 conti
1030 4768 1276 4850 nobis
1350 4768 1714 4878 praebet,
1791 4767 2022 4878 quod
2096 4767 2251 4850 sibi
2317 4767 2493 4877 ipse

731 4946 923 5015 ante
991 4947 1347 5017 mortem
1418 4936 1639 5039 1354
1705 4932 2192 5043 ponendum
2258 4959 2494 5013 cura-

733 5112 989 5181 verat.
1099 5099 1342 5206 Quae
1426 5111 1701 5180 statua
1782 5098 2191 5208 equestris
2275 5125 2497 5179 nunc

731 5265 1071 5374 quidem
1174 5265 1252 5345 in
1359 5291 1654 5345 museo
1753 5276 2493 5345 monumentorum

734 5427 1257 5540 lapideorum
1323 5433 1631 5513 Brerae
1698 5430 2158 5512 Mediolani
2213 5428 2495 5512 adser-

732 5596 1026 5703 vatur.)

883 5763 1142 5870 Quod
1210 5790 1413 5846 vero
1489 5763 1595 5844 ad
1661 5791 1914 5861 arma,
1994 5791 2208 5873 quae
2276 5764 2493 5844 Her-

728 5929 925 6009 voia
997 5929 1228 6039 gerit,
1316 5930 1624 6025 attinet,
1712 5930 1791 6010 in
1876 5929 2239 6040 imagine
2312 5928 2493 6039 gla-

731 6094 917 6177 dius
992 6095 1170 6205 ipse
1246 6122 1412 6177 non
1490 6095 2013 6205 conspicitur,
2091 6094 2240 6177 sed
2316 6094 2494 6176 bal-

2708 961 2893 1030 teus
2991 960 3361 1044 tantum;
3468 947 3736 1027 forma
3838 946 4091 1057 gladii
4189 960 4469 1027 autem

2708 1113 2939 1195 brevi
3007 1115 3377 1225 equitum
3443 1114 3728 1224 gladio
3795 1113 3873 1193 in
3944 1112 4280 1194 cimerio
4346 1140 4472 1193 ar-

2709 1306 3041 1361 morum
3107 1280 3644 1390 respondisse
3710 1278 4078 1389 putanda
4142 1291 4288 1360 est.

2861 1446 3149 1556 Digna
3237 1473 3452 1556 quae
3552 1457 4259 1527 commemoretur
4347 1458 4473 1526 est

2709 1613 2947 1694 hasta
3019 1639 3209 1694 cum
3273 1612 3581 1695 vexillo
3648 1611 4012 1722 alligato,
4122 1612 4260 1692 Ius
4326 1638 4470 1692 ve·

2705 1778 2905 1860 xillo
3004 1777 3288 1860 utendi
3366 1779 3520 1860 nisi
3604 1761 4112 1888 principibus
4195 1776 4472 1858 liberis

2708 1944 3006 2053 suique
3063 1944 3544 2054 potentibus
3611 1943 4103 2053 plerumque
4165 1942 4468 2025 nemini

2708 2123 2927 2209 erat;
3012 2111 3140 2193 ius
3216 2124 3392 2193 erat
3465 2111 3784 2220 imperii
3852 2110 4088 2220 quasi
4162 2109 4472 2219 praeci-

2708 2304 2969 2387 puum
3023 2276 3418 2359 vexillum
3475 2277 3554 2358 in
3610 2277 3899 2359 castris
3943 2276 4078 2358 vel
4138 2276 4218 2357 in
4273 2275 4470 2357 turri

2708 2469 3203 2553 proponere.
3344 2444 3703 2554 Signum
3820 2443 3955 2524 vel
4069 2441 4468 2524 vexillum

2707 2608 3215 2718 principibus
3311 2609 3540 2690 domi
3638 2609 4140 2718 militiaeque
4235 2634 4471 2717 prae-

2708 2775 3122 2858 ferebatur
3185 2801 3455 2885 neque
3521 2802 3613 2857 se
3670 2801 3859 2856 cum
3930 2774 4057 2856 his
4118 2772 4471 2884 dignita-

2706 2941 2812 3023 tis
2871 2940 3132 3052 signis
3197 2940 3426 3051 pingi
3482 2940 4062 3050 neglegebant.
4164 2941 4254 3020 In
4311 2939 4471 3020 hoc

2708 3108 2933 3218 quod
2982 3107 3369 3190 videmus
3421 3106 3863 3189 simulacro
3912 3105 4284 3187 Hervoia
4326 3133 4471 3215 ap-

2707 3287 2941 3384 paret
3022 3287 3359 3384 paratus
3441 3273 3548 3355 ad
3633 3271 4297 3382 adgrediendum
4390 3284 4472 3352 et

2708 3440 3107 3522 vexillum
3183 3452 3274 3522 ut
3337 3440 3713 3522 lanceam
3787 3438 4055 3548 clipeo
4132 3437 4472 3548 imposi-

2706 3621 2963 3689 turus.

2859 3773 3015 3855 Est
3117 3785 3400 3854 autem
3507 3771 3800 3854 bellica
3906 3770 4144 3868 acti0,
4254 3797 4469 3880 quae

2705 3966 2897 4022 cum
2981 3939 3300 4049 reliquo
3377 3948 3783 4047 apparatu
3856 3936 3997 4017 vix
4082 3935 4471 4045 congruit

2705 4119 2789 4187 et
2868 4104 2974 4186 ad
3058 4104 3273 4185 illius
3353 4103 3746 4212 temperis
3828 4101 4195 4212 typicum
4287 4102 4468 4212 pin-

2704 4271 2962 4381 gendi
3036 4298 3307 4381 genus
3382 4269 3813 4351 referenda
3887 4281 4033 4350 est.
4144 4267 4468 4349 Eadem

2708 4437 2932 4518 enim
3024 4434 3534 4546 depingendi
3626 4436 3834 4516 ratio
3928 4461 4100 4515 non
4192 4433 4470 4516 solum

2708 4602 2788 4683 in
2856 4601 2950 4684 iis
3017 4601 3309 4712 sigillis
3369 4601 3740 4697 occurrit,
3810 4626 4026 4710 quae
4093 4597 4470 4681 eiusdem

2704 4781 2957 4878 atque
3046 4767 3178 4849 hic
3267 4766 3537 4849 codex
3626 4778 3821 4848 sunt
3909 4765 4227 4859 aetatiS,
4321 4764 4470 4846 sed

2706 4934 2789 5014 in
2855 4932 3120 5015 multo
3188 4932 3437 5014 etiam
3503 4931 4109 5042 antiquioribus
4178 4930 4470 5041 sigillis

2706 5098 3234 5209 equestribus
3293 5098 3745 5179 liberorum
3800 5097 4284 5207 principum.
4348 5096 4469 5206 (In

2707 5265 3075 5376 equitum
3145 5263 3436 5374 sigillis
3492 5263 3890 5346 vexillum
3956 5262 4470 5344 submissum

2705 5458 2809 5512 ex
2902 5431 3369 5512 ornamenti
3463 5430 3781 5511 ratione
3874 5428 4063 5509 ideo
4148 5426 4470 5508 adhibi-

2704 5610 2882 5678 tum
2981 5623 3168 5678 esse
3264 5596 3625 5694 videtur,
3732 5608 3822 5677 ut
3917 5620 4186 5675 vacua
4279 5618 4475 5674 area

2706 5791 2959 5873 super
3030 5775 3278 5872 caput
3352 5761 3648 5871 equitis
3712 5760 4021 5842 vexillo
4098 5760 4469 5842 fluitante

2707 5929 3012 6039 expleri
3057 5940 3381 6038 posset;
3432 5927 3509 6007 id
3557 5926 3785 6036 quod
3831 5927 4170 6009 forsitan
4219 5927 4469 6009 etiam

2706 6095 2990 6206 animo
3053 6093 3403 6189 artificis
3472 6092 3610 6202 qui
3680 6092 4107 6174 Hervoiae
4171 6092 4468 6203 imagi-

3989 6247 4051 6293 12

4041 6417 4062 6454 ί
