5559 7392
2746 670 2840 679 —
2967 650 3102 698 112
3219 670 3315 679 --

1164 894 1557 975 infantem
1650 893 1728 973 in
1824 919 2084 1002 parva
2172 891 2447 1000 aquali
2540 905 2923 991 stantem,

1161 1060 1301 1170 qui
1378 1060 1664 1141 nimbo
1740 1058 2003 1141 crucis
2081 1058 2460 1141 Christus
2535 1060 2926 1170 designa-

1159 1239 1313 1308 tur.
1429 1225 1706 1307 Infans
1800 1225 1976 1334 ipse
2066 1226 2357 1307 dextra
2445 1226 2587 1311 dat
2668 1225 2924 1307 bene-

1162 1391 1631 1472 dictionem.
1746 1390 1887 1472 Ab
1985 1403 2333 1501 utraque
2428 1403 2660 1501 parte
2753 1391 2924 1473 sin-

1159 1557 1409 1668 gulae
1473 1556 1829 1638 feminae
1895 1568 2154 1654 stant;
2231 1585 2397 1639 una
2470 1570 2596 1639 est
2658 1557 2926 1667 capite

1158 1734 1650 1834 tegumento
1716 1722 1912 1804 albo
1972 1723 2274 1819 velam,
2344 1723 2602 1805 altera
2653 1723 2733 1803 in
2788 1750 2924 1804 ca-

1160 1889 1327 1999 pite
1400 1889 1619 1970 linea
1691 1889 2326 1999 margaritarum
2394 1889 2684 1986 utitur;
2768 1888 2925 1970 sul-

1159 2053 1549 2164 ciuntque
1641 2055 2058 2164 utrimque
2152 2054 2570 2137 infantem.
2679 2054 2924 2162 Quae

1158 2247 1462 2301 scaena
1563 2247 2107 2330 quamquam,
2212 2234 2302 2303 ut
2403 2221 2567 2302 iam
2672 2248 2927 2330 supra

1160 2384 1349 2480 dixi,
1413 2385 1687 2495 primo
1749 2386 2045 2468 obtutu
2101 2386 2411 2496 aliquid
2467 2386 2925 2468 mirationis

1159 2550 1467 2633 habere
1560 2551 1909 2650 videtur,
2006 2564 2286 2634 tamen
2375 2553 2768 2634 attentius
2855 2554 2923 2633 si

1160 2744 1348 2798 eam
1418 2717 1682 2799 oculis
1752 2718 2374 2827 perlustramus
2441 2718 2636 2800 nihil
2700 2718 2922 2800 aliud

1157 2880 1601 2991 significari
1691 2883 2151 2992 reperimus
2242 2910 2495 2994 quam
2595 2884 2923 2965 infantis

1158 3045 1576 3145 balneum,
1646 3047 1875 3157 quod
1944 3075 2177 3131 more
2241 3049 2693 3159 antiquitus
2756 3062 2922 3131 tra-

1159 3212 1333 3294 dito
1433 3213 1511 3293 in
1610 3213 2133 3295 uberioribus
2229 3215 2677 3297 nativitatis
2777 3214 2924 3296 de-

1159 3378 1659 3487 pictionibus
1725 3407 1892 3461 una
1944 3360 2136 3461 cum
2195 3379 2619 3463 nativitate
2677 3380 2923 3462 offer-

1158 3557 1311 3642 tur,
1398 3545 1647 3655 idque
1728 3558 1899 3627 tam
1983 3546 2476 3656 frequenter,
2570 3559 2660 3628 ut
2740 3547 2924 3628 lon-

1157 3736 1364 3819 gum
1429 3710 1534 3792 sit
1588 3711 1919 3821 singula
1975 3712 2359 3822 exempla
2424 3740 2920 3821 proponere.

1161 3875 1323 3957 Hic
1385 3902 1591 3959 vero
1668 3876 1806 3958 illa
1868 3905 2001 3959 res
2065 3907 2115 3959 a
2178 3878 2545 3989 principe
2618 3906 2922 3960 scaena

1159 4041 1531 4124 seiuncta
1614 4042 1695 4125 in
1770 4045 2107 4154 propria
2189 4044 2551 4154 imagine
2632 4046 2921 4127 tertiae

1160 4207 1241 4288 in
1357 4208 1784 4291 nativitate
1891 4210 2236 4291 Domini
2352 4209 2657 4291 missae
2772 4210 2921 4291 ad-

1160 4372 1331 4453 dita
1399 4386 1548 4455 est.

1312 4538 1613 4648 Neque
1712 4538 2091 4621 adoratio
2189 4567 2631 4651 magorum
2730 4569 2919 4651 pag.

1173 4702 1276 4783 16
1339 4732 1393 4784 v
1494 4703 1939 4813 quicquam
2039 4705 2455 4815 peculiare
2554 4707 2921 4816 praebet,

1158 4882 1562 4979 quantum
1630 4869 1969 4980 quidem
2035 4870 2722 4982 iconographiam
2794 4900 2922 4953 re-

1159 5036 1432 5145 spiciS.
1500 5037 1725 5118 Ante
1783 5064 2078 5118 cavam
2137 5049 2458 5147 petram
2516 5038 2602 5120 S.
2649 5038 2922 5148 Virgo

1160 5202 1241 5282 in
1315 5228 1523 5283 saxo
1598 5202 1836 5283 sedet
1899 5202 2294 5284 vestitum
2371 5173 2766 5284 infantem
2843 5202 2922 5283 in

1159 5367 1483 5478 gremio
1549 5379 1882 5466 tenens;
1968 5368 2108 5477 qui
2174 5367 2589 5450 benedicit
2652 5369 2923 5478 primo

1160 5561 1264 5614 ex
1347 5532 1617 5642 magis
1691 5533 2050 5643 genibus
2133 5533 2351 5632 nixo,
2438 5534 2577 5644 qui
2661 5535 2928 5616 maior

1162 5711 1360 5780 natu
1458 5710 1583 5780 est
1676 5698 2096 5780 ambobus
2184 5698 2401 5797 aliis,
2496 5699 2635 5807 qui
2734 5713 2928 5809 post

1161 5890 1355 5945 eum
1462 5864 2026 5961 constiterunt,
2140 5877 2391 5973 atque
2505 5864 2921 5946 barbatus

1162 6030 1374 6111 Tres
1440 6057 1738 6112 omnes
1802 6030 2011 6112 albis
2076 6031 2593 6112 vestimentis
2665 6031 2924 6112 induti

3138 917 3433 971 aureas
3499 916 3857 970 coronas
3924 890 4470 973 denticulatas
4543 904 4896 1001 gestant.

3137 1057 3413 1165 Prope
3489 1056 3841 1137 Mariam
3917 1055 4191 1137 adstat
4263 1056 4713 1166 Iosephus;
4796 1056 4905 1137 ab

3137 1233 3362 1302 astro
3438 1219 3817 1330 producti
3895 1220 4099 1302 radii
4173 1248 4427 1331 super
4508 1222 4903 1304 infantem

3137 1385 3755 1468 submittuntur.

3288 1552 3613 1661 Typica
3705 1565 3831 1634 est
3922 1554 4170 1635 etiarn
4266 1553 4446 1664 ipsa
4541 1553 4901 1663 depictio

3140 1715 3444 1798 Christi
3520 1717 4044 1828 baptismatis
4119 1746 4309 1829 pag.
4373 1740 4470 1823 17
4520 1718 4598 1800 b.
4718 1721 4904 1800 Me-

3139 1882 3326 1964 dius
3387 1883 3896 1994 conspicitur
3951 1883 4331 1966 Christus
4387 1885 4466 1966 in
4521 1886 4899 1983 Iordane,

3135 2077 3186 2128 a
3250 2048 3581 2131 sinistra
3639 2062 3871 2158 parte
3928 2051 4408 2160 Baptizator
4464 2051 4691 2133 canis
4748 2051 4902 2132 cri-

3139 2214 3384 2296 nibus
3430 2215 3679 2297 fuscis
3723 2215 4081 2326 pellibus
4125 2216 4516 2315 vestitus;
4572 2217 4680 2299 ab
4726 2217 4905 2299 eius

3137 2393 3378 2490 tergo
3444 2408 3662 2463 unus
3727 2381 4105 2491 angelu5‚
4178 2383 4383 2465 alter
4448 2411 4499 2465 a
4563 2383 4905 2465 dextera

3137 2558 3541 2656 genstans
3607 2546 3943 2629 rubram
4012 2548 4314 2630 Christi
4380 2548 4767 2633 tunicam.

3290 2712 3826 2823 Singularem
3904 2713 4501 2825 propriamque
4573 2715 4903 2797 artificis

3138 2877 3739 2988 cogitationem
3846 2879 4169 2961 redolet
4274 2880 4615 2962 demum
4731 2880 4902 2991 pic-

3135 3056 3318 3126 tura
3383 3045 3854 3155 nuptiarum
3915 3045 4478 3129 Canaensium
4544 3074 4732 3157 pag.
4790 3072 4900 3129 20

3139 3210 3243 3321 (v.
3310 3211 3445 3322 fig.
3513 3211 3685 3320 34).

3138 3405 3506 3487 sponsus
3571 3405 4056 3489 sponsaque
4132 3392 4214 3461 et
4278 3379 4448 3461 duo
4514 3379 4620 3461 ad
4688 3407 4901 3489 nup-

3813 3212 3953 3294 Ad
4047 3240 4427 3295 mensam
4517 3213 4905 3295 adsident

3137 3545 3434 3626 tiarum
3509 3546 3948 3627 sollemnia
4023 3546 4337 3627 invitati
4404 3572 4673 3643 seneS,
4759 3545 4899 3655 qui

3137 3738 3437 3792 omnes
3537 3711 3821 3793 habitu
3923 3712 4259 3793 saeculo
4358 3723 4655 3821 quarto
4752 3710 4900 3792 de-

3132 3876 3351 3957 cimo
3426 3877 3728 3958 usitato
3805 3877 4061 3961 induti
4138 3890 4352 3959 sunt.
4468 3878 4550 3957 A
4630 3877 4900 3957 fronte

3135 4068 3433 4123 servus
3498 4041 3951 4152 amphoras
4017 4043 4406 4152 complet.
4505 4042 4646 4123 Ad
4712 4043 4898 4123 Do-

3137 4207 3478 4305 minum,
3556 4207 3696 4316 qui
3772 4208 3998 4288 iuxta
4073 4221 4423 4291 matrem
4500 4235 4740 4290 suam
4819 4208 4897 4288 in

3135 4372 3304 4454 alto
3388 4373 3794 4455 arcisellio
3867 4374 3974 4455 ad
4053 4374 4475 4457 sinistrum
4561 4402 4900 4456 mensae

3136 4539 3351 4622 latus
3403 4552 3856 4650 angustum
3911 4540 4168 4638 sedet,
4235 4541 4502 4623 Maria
4553 4568 4644 4622 se
4698 4568 4899 4621 con-

3137 4706 3381 4788 vertit
3456 4706 3533 4787 in
3610 4706 3789 4787 eius
3862 4734 4151 4788 aurem
4228 4707 4605 4815 loquens,
4727 4708 4900 4788 Co-

3138 4885 3381 4954 natus
3444 4885 3726 4954 autem
3783 4871 4004 4953 hunc
4068 4871 4501 4982 dialogum
4568 4872 4903 4953 clande-

3137 5038 3445 5119 stinum
3552 5038 4101 5148 exprimendi,
4219 5039 4439 5119 hunc
4549 5064 4901 5147 gravem

3138 5203 3422 5284 matris
3487 5229 3943 5300 susurrum,
4013 5203 4225 5285 hanc
4289 5203 4455 5285 fere
4522 5203 4902 5312 indigna-

3137 5368 3509 5450 bundam
3594 5369 3846 5449 animi
3939 5369 4487 5451 attentionem
4573 5368 4934 5489 Christi„

3139 5535 3276 5644 qui
3373 5535 3530 5615 iam
3625 5548 3961 5644 gestum
4056 5535 4599 5617 benedicendi
4693 5534 4898 5628 facit,

3140 5701 3646 5810 depingendi
3753 5701 4033 5783 artifici
4143 5701 4609 5782 felicissime
4714 5677 4902 5781 sucss

3141 5866 3391 5948 cessit
3464 5878 3546 5947 et
3619 5866 3797 5947 sine
3873 5866 4129 5947 dubio
4206 5865 4644 5947 adfirmare
4718 5866 4905 5947 licet

3142 6031 3301 6113 hoc
3352 6059 3540 6113 esse
3593 6032 4004 6140 optimum
4060 6031 4288 6141 quod
4339 6032 4416 6112 in
4464 6031 4904 6113 conamine
