5559 7392
2246 693 2806 756 —VII—

668 953 1192 1063 dignabatur.
1318 952 1704 1033 Arminio
1805 952 2081 1062 itaque
2161 955 2429 1035 Vam-

667 1118 871 1227 bery
968 1118 1181 1200 duce
1283 1117 1723 1199 doctorum
1826 1118 2197 1200 virorum
2294 1147 2432 1201 so-

667 1285 920 1366 cietas
1012 1284 1459 1366 constituta
1560 1297 1715 1381 est,
1818 1285 1946 1366 cui
2043 1285 2432 1368 interfue-

667 1462 858 1531 runt
941 1450 1086 1530 Dr.
1169 1448 1638 1530 Guilelmus
1721 1450 2119 1547 Fraknoi,
2206 1452 2429 1561 prin—

667 1614 870 1725 cipis
999 1615 1370 1696 eruditae
1492 1616 1914 1698 societatis
2045 1617 2425 1714 vicarius

670 1779 1255 1862 Colomannus
1303 1781 1599 1890 Thaly,
1660 1782 1799 1892 qui
1859 1783 2175 1892 primus
2236 1785 2430 1866 mis-

667 1946 838 2028 sale
890 1947 1052 2028 hoc
1101 1948 1640 2057 agnoscebat,
1698 1949 2135 2058 Eugenius
2179 1948 2425 2047 Abel,

666 2113 1024 2194 Ioannes
1093 2113 1512 2195 Csontosi.

818 2279 1162 2389 Legatis
1238 2280 1505 2389 igitur,
1593 2280 1730 2390 qui
1809 2302 1944 2364 XI.
2013 2281 2197 2362 Kal.
2261 2282 2427 2364 Oc-

664 2444 928 2527 tobris
1011 2445 1204 2526 anni
1296 2448 1519 2550 1889
1599 2445 2426 2556 Constantinopolim

665 2622 1221 2720 pervenerant
1260 2610 1775 2720 comiterque
1815 2613 2121 2722 recepti
2170 2627 2424 2710 erant,

664 2775 886 2858 licuit
950 2802 1288 2857 summo
1350 2777 1523 2858 otio
1573 2777 2120 2886 gravissimas
2176 2806 2429 2888 quae-

663 2941 982 3023 stiones
1087 2969 1364 3052 agere.
1516 2943 1849 3024 Horum
1958 2945 2426 3028 studiorum

661 3106 1157 3217 praecipuus
1216 3122 1570 3191 eventus
1615 3109 1941 3218 positus
1987 3124 2116 3193 est
2169 3113 2249 3192 in
2307 3112 2427 3193 in-

663 3273 992 3383 dagatis
1077 3275 1648 3356 monumentis
1722 3275 2176 3358 Slavorum
2254 3305 2431 3359 me-

663 3439 1220 3536 ridionalium,
1288 3467 1505 3550 quae
1574 3441 1850 3523 media
1911 3456 2184 3525 aetate
2248 3472 2427 3526 arc-

659 3604 978 3687 tissime
1035 3631 1224 3685 cum
1285 3605 1790 3715 Hungaricis
1843 3607 2422 3692 cohaerebant.

812 3769 1033 3852 Sunt
1135 3783 1417 3852 autem
1516 3771 1687 3852 duo
1785 3774 2091 3854 summi
2186 3776 2423 3885 pretii

666 3934 1221 4018 documenta:
1319 3936 1885 4044 Chrysobulla
1960 3940 2243 4023 Urosii
2326 3962 2418 4027 ΙΙ.

665 4100 1024 4198 Milutin‚
1110 4102 1333 4212 regis
1416 4103 1798 4201 Serbiae,
1883 4134 1933 4187 a
2016 4107 2422 4217 regimine

662 4264 995 4375 publico
1106 4268 1723 4377 provinciarum
1827 4272 2193 4354 Bosniae
2305 4286 2425 4355 at-

662 4459 826 4541 que
884 4433 1530 4542 Hercegovinae
1586 4436 1749 4516 iam
1803 4436 2027 4519 edita
2095 4436 2422 4547 (Csse'ro-

661 4624 1104 4681 c'recpaucssn
1187 4598 1629 4708 Xpncossyffi
1720 4629 1985 4710 Rpaffia
2059 4602 2425 4686 O'reoafla

658 4761 1118 4870 Mnfly'rnna.
1202 4765 1271 4847 Y
1333 4765 1543 4873 Beqy
1610 4765 1871 4875 1890)
1941 4781 2022 4850 et
2084 4768 2421 4851 missale

659 4928 1088 5011 Hervoiae
1144 4929 1380 5011 ducis
1433 4931 1957 5042 Spalatensis
2018 4932 2140 5042 (cf.
2197 4934 2424 5044 lega-

657 5093 909 5175 tionis
992 5094 1209 5177 illius
1293 5095 1663 5178 libellum
1739 5098 1820 5179 in
1897 5098 2166 5180 indice
2239 5128 2423 5181 aca-

659 5259 986 5341 demico
1061 5261 1610 5359 „Akademiai
1668 5239 2113 5362 Ertesitc'5“,
2188 5267 2417 5370 1890,

658 5426 1312 5537 pag.36—-43l

808 5591 1098 5674 Ambo
1173 5593 1381 5675 haec
1455 5610 2006 5679 monumenta
2089 5598 2420 5681 Budam

659 5755 975 5864 perlata
1071 5758 1293 5840 dicto
1391 5759 1553 5841 iam
1649 5762 2033 5872 regimini
2123 5764 2422 5847 tradita

658 5935 873 6018 sunt,
972 5924 1202 6033 quod
1306 5953 1528 6008 nunc
1632 5940 1714 6009 et
1816 5928 2169 6010 alterum
2267 5930 2420 6011 do-

659 6103 1175 6189 cumentum,
1280 6091 1704 6175 laudatum
1804 6095 1964 6176 hoc
2059 6096 2416 6192 missale,

2643 952 2946 1063 publici
3032 953 3225 1033 iuris
3309 952 3494 1035 facit
3578 953 4049 1063 iudicioque
4133 954 4406 1035 erudi-

2640 1133 2919 1202 torum
2986 1118 3402 1228 permittit.

2795 1284 3075 1367 Editio
3194 1284 3376 1393 ipsa
3489 1298 3820 1394 praeter
3926 1285 4404 1396 exemplum

2640 1451 3011 1532 continet
3113 1450 3785 1532 dissertationem
3889 1451 3992 1532 de
4095 1452 4405 1533 missali

2641 1617 2802 1699 hoc
2874 1616 3136 1699 tribus
3212 1644 3315 1699 ex
3388 1618 3846 1700 rationibus
3923 1618 4401 1701 institutam.

2641 1784 2734 1866 Si
2803 1785 3025 1866 enim
3093 1784 3208 1865 rei
3269 1784 3718 1894 liturgicae‚
3785 1785 4403 1895 grammaticae,

2642 1978 2797 2032 nec
2861 1978 3032 2031 non
3107 1950 3860 2061 palaeographicae
3932 1963 4406 2060 respectum

2643 2118 2926 2213 ducaS‚
3024 2117 3427 2226 imprimis
3521 2118 3682 2199 hoc
3763 2116 4102 2199 missale
4192 2116 4407 2199 litte-

2642 2282 2750 2363 ris
2825 2283 3281 2364 Slavorum
3368 2282 4038 2365 meridionalium
4115 2310 4406 2364 exara-

2640 2463 2819 2531 tum
2902 2476 3103 2558 prae
3189 2450 3534 2532 caeteris
3615 2449 3922 2531 summi
4008 2463 4137 2530 est
4221 2476 4404 2530 mo-

2642 2615 2940 2712 menti;
3027 2642 3217 2697 cum
3301 2616 3406 2697 sit
3487 2615 3791 2697 deinde
3867 2614 4073 2697 liber
4148 2642 4402 2696 manu

2640 2780 2995 2889 scriptus
3070 2781 3496 2862 Hervoiae
3564 2781 4019 2876 Hrvatinic,
4095 2780 4278 2861 viro
4356 2808 4400 2860 e

2641 2946 2959 3055 pauciS,
3054 2946 3192 3055 qui
3277 2973 3454 3026 rem
3538 2945 3955 3055 publicam
4050 2946 4404 3027 Bosnia-

2640 3139 2825 3193 cam
2893 3111 3412 3208 obtinebant,
3483 3112 4207 3221 praestantissimo
4275 3112 4400 3193 di-

2640 3291 2897 3376 catus,
2993 3277 3204 3359 inter
3294 3304 3605 3387 paucas
3687 3278 4014 3359 mediae
4108 3279 4398 3361 aetatis

2639 3444 3031 3555 reliquias
3151 3443 3616 3525 Bosniacae
3731 3443 4074 3554 originis
4182 3444 4395 3525 refe-

2639 3610 2948 3692 rendus
3025 3623 3172 3707 est,
3260 3609 3398 3720 qui
3477 3609 3825 3690 omnino
3902 3609 4198 3690 merito
4276 3609 4399 3690 in-

2640 3776 2998 3886 dagatur
3050 3775 3551 3885 plurimique
3616 3776 4123 3874 aestimatur,
4190 3801 4398 3885 quo·

2639 3941 2862 4022 niam
2967 3941 3398 4024 historiam
3511 3942 3851 4023 humani
3965 3941 4396 4051 civilisque

2636 4108 2907 4190 cultus
2979 4108 3461 4218 provinciae
3537 4107 3902 4189 Bosniae
3977 4108 4396 4219 complec-
4495 4119 4499 4122 ‘

2633 4273 2869 4369 titur;
2935 4300 3126 4355 cum
3189 4274 3534 4355 demum
3598 4301 3815 4384 opus
3877 4274 3984 4355 sit
4041 4273 4397 4385 glagoli-

2634 4440 2912 4537 ticum,
2969 4440 3099 4522 cui
3152 4440 3557 4551 plurimae
3621 4453 3703 4522 et
3764 4440 3943 4522 sine
4003 4441 4392 4552 exemplo

2636 4605 2988 4687 eximiae
3057 4618 3250 4687 sunt
3313 4606 3644 4688 additae
3711 4607 3979 4716 pictae
4045 4606 4386 4717 effigies,

2634 4770 2742 4851 ad
2810 4770 3241 4854 historiam
3312 4773 3510 4854 artis
3583 4772 4071 4882 pusillarum
4136 4773 4395 4882 pictu-

2636 4965 2912 5019 rarum
3001 4938 3577 5021 illustrandam
3652 4939 4181 5048 aptissimum
4266 4952 4397 5021 est

2634 5116 2886 5214 atque
2960 5104 3335 5214 dignum,
3404 5105 3634 5214 quod
3708 5103 4172 5186 novissimo
4243 5131 4394 5214 ge-

2634 5296 2832 5350 nere
2886 5268 4394 5381 chemico-chromophotographicae

2633 5434 2977 5516 rationis
3023 5462 3174 5545 per
3217 5447 3675 5544 spectatam
3722 5435 4137 5517 officinam
4182 5436 4393 5517 Vin-

2634 5599 3254 5699 dobonensem‚
3362 5603 3753 5711 Angerer
3845 5615 3927 5683 et
4020 5602 4391 5698 Goeschl,

2632 5781 2723 5849 ut
2820 5794 3117 5849 verum
3225 5767 3652 5877 exemplar
3746 5768 4022 5850 denua
4115 5768 4394 5878 profe-

2633 5948 2873 6016 ratur.
2989 5935 3081 6015 In
3158 5934 3567 6045 eligendis
3641 5948 3922 6016 autem
4009 5934 4391 6045 imagini-

2632 6099 2791 6180 bus
2885 6112 2966 6180 et
3058 6100 3390 6183 artificis
3491 6115 3573 6183 et
3669 6100 4031 6183 historici
4114 6128 4388 6182 rerum
