5559 7392
2311 664 2830 772 -5'1—

705 969 1031 1039 eorum,
1128 954 1218 1023 ut
1310 941 1767 1052 quidquid“
1871 955 2018 1024 etc,
2127 943 2465 1025 Videsis

706 1111 1085 1190 Martene
1170 1129 1267 1205 11,
1364 1108 1570 1213 356,
1666 1109 1871 1214 357,
1969 1108 2174 1206 368,
2265 1132 2461 1216 374.

704 1274 879 1356 Sed
963 1273 1240 1356 versio
1332 1273 1642 1355 slavica
1731 1273 2086 1356 multum
2169 1274 2460 1370 differt,

707 1439 936 1549 quod
1020 1451 1110 1520 ut
1181 1438 1784 1537 demonstrem,
1866 1437 2470 1548 interpretabor

1627 1604 1916 1701 „Deus
2011 1603 2464 1701 Abraham,

1746 1769 2018 1866 Iacob,
2118 1768 2469 1850 benedic

705 1604 811 1686 ad
896 1603 1248 1686 verbum
1344 1604 1509 1685 sic:

708 1772 947 1852 Deus
1044 1771 1296 1867 Isaac,
1404 1770 1642 1852 Deus

707 1934 1377 2017 coniunctionem
1474 1960 1798 2031 eorum,
1890 1946 1980 2015 ut
2072 1933 2467 2042 multipli-

2676 954 2966 1025 centur
3079 943 3341 1025 fructu
3451 942 3990 1051 (seminentur
4093 944 4439 1053 semine)

2675 1108 2895 1191 vitae
2978 1121 3363 1190 aeternae
3463 1122 3784 1190 mentes
3873 1108 4050 1218 (sed
4134 1109 4441 1192 slavice

2679 1273 3124 1384 singularis
3202 1301 3602 1356 numerus
3676 1272 4003 1384 legitur)
4099 1301 4439 1373 eorum;

2680 1438 2760 1519 in
2868 1437 3324 1520 humilitate
3432 1466 3585 1521 sua
3691 1439 4072 1522 viventes
4176 1453 4258 1522 et
4331 1440 4439 1530 ‚in

2678 1631 2966 1686 amore
3049 1631 3239 1686 cum
3332 1606 3519 1687 Iesu
3604 1605 3938 1688 Christo
4029 1606 4196 1687 filio
4297 1620 4443 1688 tuo

2680 1782 2770 1851 ut
2871 1768 3181 1879 (omne)
3278 1769 3598 1852 bonum
3706 1799 3922 1882 opus
4021 1772 4445 1882 percipere

2679 1948 3172 2018 mereantur.
3190 1946 3225 1978 “

2290 2401 2700 2484 CAPUT
2768 2404 2870 2483 X.

1776 2610 2389 2702 Benedictio
2454 2611 2701 2704 salis
2765 2621 2870 2704 et
2935 2638 3373 2704 avenae.

861 2926 1079 3007 Inter
1143 2937 1512 3033 caeteras
1567 2950 1783 3033 quae
1841 2936 2132 3005 nostro
2192 2925 2272 3005 in
2329 2950 2471 3004 co-

709 3090 888 3173 dice
955 3089 1266 3200 passim
1326 3101 1766 3170 occurrunt
1820 3087 2468 3183 benedictiones,

708 3285 808 3339 ea
871 3283 1086 3367 quae
1152 3256 1232 3337 in
1298 3255 1509 3338 festo
1585 3282 1647 3336 s,
1704 3253 2107 3363 Stephani
2183 3267 2471 3364 proto-

708 3421 1090 3529 martyris
1145 3432 1338 3530 post
1391 3420 1732 3501 missam
1787 3419 1956 3501 fieri
2014 3419 2324 3515 dicitur,
2389 3432 2474 3501 at

710 3616 879 3670 non
947 3587 1025 3668 in
1094 3587 1277 3696 ipso
1344 3585 1588 3683 festo,
1665 3584 1813 3667 sed
1881 3584 2015 3666 fol.
2077 3584 2247 3665 228
2314 3584 2472 3666 sub

707 3753 959 3835 finem
1042 3751 1352 3833 codicis
1437 3752 1742 3833 inserta
1823 3764 1977 3849 est,
2064 3751 2345 3833 multis
2427 3777 2473 3832 e

708 3918 979 4001 causis
1061 3917 1315 4026 paulo
1397 3916 1904 3998 accuratiore
1987 3916 2473 3998 recensione

709 4084 962 4195 digna
1024 4082 1353 4165 videtur
1416 4109 1625 4164 esse.
1726 4083 2081 4163 Constat
2137 4081 2472 4191 quidem

708 4249 1062 4333 eandem
1115 4247 1781 4330 benedictionem
1836 4247 2081 4329 etiam
2138 4246 2217 4327 in
2276 4246 2473 4328 mis-

709 4415 857 4496 sali
934 4412 1300 4496 Novakii
1386 4426 1467 4495 et
1548 4412 1628 4494 in
1713 4411 2077 4494 editione
2142 4412 2473 4493 Veneta

709 4580 1075 4690 principe
1139 4578 1246 4660 ab
1302 4606 1526 4660 anno
1593 4580 1815 4682 1483
1882 4577 2067 4688 legi,
2138 4577 2288 4659 sed
2344 4577 2475 4659 hic

709 4774 902 4856 pars
967 4759 1290 4827 tantum
1356 4744 1860 4842 orationum,
1941 4744 2242 4853 quibus
2319 4772 2471 4826 no-

709 4924 877 4994 ster
957 4910 1224 4992 codex
1306 4909 1387 4990 in
1472 4936 1575 4991 eo
1670 4909 1824 4991 ritu
1918 4908 2471 4991 describendo

707 5113 904 5167 vere
977 5084 1378 5183 abundat,
1456 5084 1683 5166 redit.
1793 5085 2094 5194 Neque
2169 5084 2249 5165 in
2325 5084 2471 5165 Ri-

708 5251 1068 5334 tualibus
1133 5251 1406 5333 latinis
1472 5278 1601 5347 ea,
1680 5277 1894 5360 quae
1970 5263 2256 5332 noster
2326 5277 2471 5331 co-

709 5418 869 5500 dex
958 5415 1332 5526 praebet,
1428 5415 1862 5511 habentur,
1955 5428 2168 5497 teste
2260 5414 2470 5496 libro

708 5609 957 5693 quem
1036 5582 1439 5691 inspicere
1510 5581 1765 5679 licuit,
1838 5581 1976 5691 qui
2055 5580 2472 5662 Sacerdo-

706 5748 870 5831 tale
916 5747 1401 5846 inscribitur,
1458 5748 1691 5829 cuius
1737 5746 2099 5828 editione
2138 5747 2472 5828 Veneta

706 5914 814 5996 ab
868 5941 1091 5995 anno
1161 5913 1383 6019 1560
1450 5939 1652 5994 usus
1709 5938 1917 5993 sum.
2022 5912 2309 6021 Itaque
2364 5911 2469 5992 ad

709 6078 1361 6161 elucubrandam
1435 6078 1860 6160 historiam
1927 6077 2261 6175 rituum,
2330 6076 2469 6186 qui

2686 2923 2764 3004 in
2822 2923 3048 3005 libris
3100 2924 3598 3035 glagoliticis
3642 2927 4188 3025 continentur,
4246 2928 4449 3011 mul·

2683 3102 2860 3171 tum
2932 3090 3300 3187 interest,
3377 3104 3466 3173 ut
3531 3092 3816 3173 omnia
3882 3120 4096 3203 quae
4166 3107 4450 3176 noster

2684 3254 2953 3336 codex
3019 3255 3124 3336 de
3188 3254 3768 3339 benedictione
3841 3257 4038 3340 salis
4105 3271 4186 3340 et
4249 3287 4448 3341 ave-

2686 3447 2843 3502 nae
2899 3420 3262 3530 praebet,
3323 3422 3402 3502 in
3462 3421 3731 3504 lucem
3789 3423 4221 3532 prodeant.
4315 3426 4448 3506 In-

2684 3585 2878 3694 cipit
2939 3612 3145 3667 vero
3210 3586 3377 3669 sic:

2838 3749 3149 3856 Tepuoy
3203 3748 3670 3857 esspmnss'ffle
3735 3780 3826 3833 Ha
3884 3752 4246 3835 C'rnnaffl,
4307 3742 4449 3847 fis,

2682 3900 3030 3997 affimarrn
3097 3911 3257 3997 eosr'
3296 3943 3370 3995 fl
3436 3914 3641 3998 3061..
3734 3918 3825 3999 In
3892 3918 4202 4001 missali
4268 3921 4448 4001 No-

2684 4079 2907 4162 vakii
2990 4081 3333 4191 paulum
3416 4081 3732 4164 differt:
3812 4082 3938 4165 Ha
4019 4072 4153 4165 (ἷιῗο
4238 4082 4445 4167 Ork-

2686 4272 2884 4326 nana
2945 4241 3272 4337 fl'iilzona
3337 4234 3636 4329 όῖΒΗΤη
3702 4273 3884 4330 coar,
3951 4276 3997 4329 n
4063 4247 4269 4331 3061..
4352 4251 4445 4330 In

2684 4410 3202 4492 Sacerdotali
3292 4410 3398 4492 ab
3494 4439 3718 4494 anno
3816 4414 4078 4519 1560:
4177 4414 4449 4496 Bene-

2686 4576 2934 4658 dictio
2992 4576 3296 4686 pabuli,
3353 4576 3858 4678 animalium,
3915 4578 4132 4677 salis,
4193 4580 4445 4678 ordei,

2684 4769 2984 4840 avene,
3078 4754 3161 4824 et
3241 4756 3789 4842 caeterorum,
3884 4772 4047 4854 que
4140 4745 4219 4826 in
4301 4746 4449 4827 ali-

2685 4908 2989 5019 quibus
3052 4908 3538 5020 regionibus
3593 4910 3681 4992 fit
3735 4910 3814 4991 in
3869 4911 4081 4993 sesto
4145 4939 4208 4993 s.
4258 4912 4447 4994 Ste-

2684 5083 2936 5193 phani
3002 5083 3637 5193 protomartyris
3704 5082 3869 5195 (fol.
3923 5084 4148 5193 201).

2837 5249 3195 5330 Summa
3268 5248 3469 5330 ritus
3544 5248 4005 5330 secundum
4071 5249 4445 5331 codicem

2685 5426 3066 5495 nostrum
3132 5412 3336 5494 haec
3402 5426 3577 5494 est:

2834 5578 3008 5659 ῙΙΤΗ
3084 5604 3421 5660 aermnae
3470 5639 3488 5658 .
3531 5578 3700 5686 Bpe
3747 5640 3765 5659 .
3812 5578 3994 5659 ἘΒΗ
4078 5565 4224 5661 Ηῖἀ,
4298 5565 4445 5660 ἦι.

2681 5731 2800 5826 ῙἮ
2875 5770 3244 5851 ochmnm
3292 5806 3310 5825 .
3353 5731 3462 5825 Γῖ,
3537 5770 3578 5825 c
3642 5771 3866 5826 namn.
3966 5745 4196 5854 Lege
4270 5744 4448 5826 lita-

2684 5910 2883 5991 nias
2979 5910 3218 5992 Vers.
3330 5908 3707 5991 Ostende
3774 5908 4019 5990 nobis
4084 5908 4445 5991 domine.

3548 6076 3802 6155 Dom.
3862 6072 4178 6156 vobisc.

3972 6223 4030 6275 7..

2685 6075 3056 6157 Domine
3123 6075 3443 6157 exaudi.
