5559 7392
2290 700 2805 770 „97-

680 962 875 1060 post
965 960 1513 1058 pentecosten
1617 959 1942 1055 praeter
2036 945 2446 1054 quasdam

679 1115 1266 1225 apostolorum
1405 1113 1815 1222 imagines
1943 1111 2447 1222 imaginibus

680 1309 1028 1392 prorsus
1126 1293 1430 1376 carent,
1531 1277 1927 1386 idemque
2024 1277 2247 1359 valet
2342 1276 2447 1358 de

678 1459 1058 1555 tempore
1142 1444 1332 1526 inde
1416 1444 1523 1526 ab
1607 1444 1870 1525 altero
1954 1442 2100 1526 die·
2170 1442 2442 1524 domi-

681 1613 866 1694 nico
950 1623 1169 1722 post·
1224 1610 1667 1720 epiphania
1746 1635 2014 1719 usque
2088 1609 2194 1690 ad
2270 1636 2446 1690 me-

680 1777 903 1859 diam
958 1776 1689 1887 quadragesimam
1746 1776 1857 1857 ita
1899 1788 1990 1858 ut
2042 1803 2189 1884 per
2241 1802 2444 1884 qua-

681 1943 1065 2053 draginta
1168 1941 1524 2051 paginas
1630 1940 1991 2050 picturas
2097 1941 2443 2022 omnino

680 2107 1107 2189 desideres
1190 2120 1272 2188 et
1346 2106 1774 2188 initialium
1855 2106 2444 2188 tantummodo

680 2284 1171 2354 ornamenta
1235 2271 1836 2381 deprehendas.

830 2442 1043 2524 Aliis
1113 2469 1318 2524 vero
1395 2442 1622 2539 loci5‚
1698 2455 1789 2524 ut
1861 2442 2170 2524 ultimis
2245 2469 2446 2551 qua-

679 2607 1208 2718 dragesimae
1269 2606 1945 2689 hebdomadibus
2002 2607 2445 2689 simulacra

675 2787 848 2857 tam
926 2773 1391 2884 frequentia
1464 2773 1723 2882 ponit,
1803 2785 1894 2854 ut
1966 2799 2222 2883 saepe
2298 2799 2446 2881 per

676 2940 1154 3050 complures
1248 2941 1644 3050 deinceps
1735 2940 2088 3049 paginas
2183 2939 2444 3020 conti·

679 3119 1059 3188 nuentur.
1166 3106 1343 3188 Sed
1421 3106 1706 3215 negari
1784 3107 2069 3216 nequit
2134 3106 2213 3186 in
2291 3105 2444 3187 hac

678 3284 1365 3354 ornamentorum
1411 3283 1492 3354 et
1535 3272 2037 3381 picturarum
2083 3270 2442 3380 disposi-

676 3436 904 3518 tione
951 3437 1339 3518 consulto
1384 3436 1752 3518 adhibita
1797 3436 2443 3519 oblectationem

676 3620 927 3716 atque
1030 3616 1560 3685 venustatem
1668 3601 2090 3712 quandam
2196 3601 2440 3683 sitam

682 3798 891 3867 esse,
960 3797 1175 3879 quae
1239 3768 1579 3878 quidem
1632 3780 1991 3878 augetur
2045 3767 2224 3876 ipsa
2276 3766 2442 3876 pic-

676 3948 1045 4017 turarum
1103 3934 1369 4015 forma
1422 3947 1503 4016 et
1557 3932 2132 4043 magnitudine
2187 3931 2436 4013 varia.

828 4100 1256 4182 Interdum
1330 4100 1550 4181 enim
1627 4099 1988 4209 spatium
2062 4097 2439 4209 quadrati

680 4265 1112 4349 latitudine
1173 4266 1616 4347 columnae
1677 4265 2108 4348 continent
2177 4264 2287 4346 ita
2351 4275 2443 4345 ut

678 4432 942 4513 oculis
1025 4432 1106 4513 id
1188 4457 1458 4542 genus
1533 4430 1984 4541 quadratas
2061 4430 2272 4511 inter
2345 4429 2439 4511 li-

681 4624 883 4679 neas
928 4598 1247 4707 positas
1298 4597 1800 4706 picturarum
1855 4596 2167 4677 formas
2221 4595 2440 4705 aspi-

679 4762 1085 4845 cientibus
1129 4763 1480 4872 simplex
1526 4774 1609 4844 et
1651 4789 1882 4844 mera
1927 4762 2195 4873 figura
2236 4788 2439 4871 geo-

674 4928 1433 5025 metricaoccurrat,
1476 4955 1642 5037 qua
1684 4940 2061 5009 nostrum
2098 4929 2437 5009 sensum

676 5093 1062 5175 delectari
1140 5106 1485 5175 constat.
1604 5093 1824 5175 Sunt
1895 5106 2175 5175 autem
2261 5093 2438 5174 eius

675 5258 902 5340 modi
1000 5259 1504 5368 picturarum
1605 5259 2009 5368 quadrata
2090 5260 2437 5341 omnino

673 5424 1337 5534 quattuordecim
1373 5453 1387 5507 :

841 5621 904 5676 1.
963 5622 1151 5706 pag.
1191 5621 1301 5693 11,
1397 5595 1537 5677 ubi
1644 5595 1946 5677 Christi
2050 5594 2434 5677 nativitas

1403 5761 1901 5872 depingitur.
2028 5860 2035 5865 ,

830 5952 902 6008 2.
1042 5994 1076 6025 ,,
1187 5953 1561 6009 11verso
1619 5928 1998 6010 Christus
2043 5927 2310 6009 infans
2357 5929 2435 6010 in

1616 6093 1960 6176 balneis.

2814 948 2889 1026 3.
2948 971 3137 1055 pag.
3178 946 3279 1026 16
3310 972 3560 1026 verso
3606 944 4021 1026 Adoratio
4131 971 4429 1053 mago-

3606 1138 3812 1192 rum.

2814 1299 2889 1378 4.
3032 1341 3068 1372 ‚,
3175 1296 3272 1381 17
3416 1343 3429 1371 ,
3607 1276 4040 1386 Baptisma
4098 1275 4423 1358 Christi.

2811 1461 2887 1546 5.
3028 1507 3062 1537 „
3164 1465 3275 1521 20
3423 1509 3435 1521 .
3604 1442 3971 1550 Nuptiae
4041 1442 4425 1522 Canaen-

3604 1634 3743 1689 ses
3810 1606 3915 1718 (v.
3967 1607 4101 1717 fig.
4147 1605 4313 1715 34).

2814 1773 2892 1853 6.
3032 1839 3067 1869 ,‚
3161 1797 3277 1876 4o
3414 1841 3427 1869 ,
3604 1773 4037 1855 Samaritis
4090 1772 4196 1854 ad
4245 1773 4429 1854 son-

3606 1952 3797 2021 tem.

2812 2124 2887 2209 7.
3028 2172 3060 2200 „
3158 2124 3267 2209 57
3419 2172 3431 2184 .
3601 2105 4070 2186 Revocatio
4189 2104 4426 2185 iuve-

3607 2270 3733 2352 nis
3812 2270 4293 2352 Naimensis
4378 2297 4428 2350 a

3607 2447 3876 2517 morte
3954 2435 4060 2516 ad
4141 2435 4422 2516 vitam.

2810 2602 2863 2680 8
3049 2667 3063 2697 ,
3156 2601 3256 2681 61
3600 2596 3848 2682 Ionas
3895 2601 3975 2682 in
4017 2600 4424 2708 Assyriae

3604 2765 3810 2847 urbe
3863 2765 4193 2846 Ninive.

2807 2968 2861 3045 9
3042 3009 3056 3038 ‚
3150 2941 3261 3021 62
3411 3008 3445 3037 „
3595 2940 3892 3022 Daniel
3925 2940 4005 3022 in
4038 2939 4219 3021 lacu
4260 2940 4423 3022 leo-

3601 3134 3824 3189 num.

2761 3296 2885 3353 10.
3025 3339 3059 3370 „
3155 3274 3270 3355 83
3418 3341 3430 3353 .
3597 3273 3949 3355 Lavatio
4015 3272 4349 3382 pedum.

2761 3463 2886 3519 11.
3029 3504 3063 3535 „
3109 3438 3271 3519 136
3419 3506 3431 3518 .
3599 3438 3987 3547 Depictio
4115 3438 4423 3520 missae

3602 3631 3908 3685 sacrae.

2760 3793 2883 3849 12.
3022 3836 3057 3866 ‚,
3106 3790 3265 3875 155
3416 3836 3429 3849 .
3596 3768 4067 3850 Purificatio
4124 3767 4420 3852 beatae

3596 3934 3967 4044 virginis.

2592 4069 2611 4078 -
2762 4101 2885 4181 13.
3017 4101 3264 4200 „132
3416 4167 3429 4180 .
3595 4100 4077 4210 Baptismus
4173 4099 4418 4179 Ioan-

3604 4265 3751 4347 nis.

2760 4454 2861 4535 14
3027 4454 3264 4535 „241
3601 4432 3955 4515 Reditus
4101 4432 4418 4514 domini

3602 4598 3734 4680 die
3798 4597 4054 4679 divini
4123 4597 4416 4716 iudicii.

2805 4931 3048 5013 Aliae
3129 4944 3409 5014 autem
3491 4932 3860 5040 picturae
3942 4930 4139 5012 item
4213 4956 4419 5040 qua-

2653 5097 2936 5179 dratae
3020 5097 3341 5178 minore
3423 5108 3619 5177 sunt
3701 5096 4225 5178 dimensione
4308 5095 4420 5178 ita

2651 5276 2742 5345 ut
2825 5290 2995 5345 non
3077 5275 3349 5344 totum
3443 5263 3806 5372 spatium
3889 5264 3970 5343 in
4053 5262 4415 5345 latitudi-

2653 5457 2844 5512 nem
2919 5429 3328 5538 expleant,
3404 5429 3554 5512 sed
3629 5430 3972 5539 propius
4046 5430 4151 5510 ad
4218 5429 4416 5510 sini-

2652 5610 2915 5679 strum
2999 5598 3463 5708 marginem
3536 5595 3930 5678 admotae
4001 5625 4054 5678 a
4127 5596 4418 5678 dextra

2651 5777 2885 5874 parte
2949 5764 3309 5873 spatium
3375 5733 3826 5846 litterarum
3893 5762 4112 5844 notis
4178 5762 4418 5844 relin-

2652 5943 2932 6040 quant,
3009 5930 3220 6011 sicut
3292 5943 3687 6039 quattuor
3759 5957 3862 6010 ex
3926 5928 4412 6039 apocalypsi
4469 5933 4477 5942 ’

2651 6095 3043 6176 animalia
3123 6121 3312 6204 pag.
3376 6116 3509 6201 70,
3580 6116 3692 6201 74
3748 6124 3802 6176 v
3888 6093 3992 6203 (v.
4058 6093 4192 6205 fig.
4242 6093 4410 6200 36),

3935 6249 3998 6296 13
