5559 7392
686 949 939 1033 quam
994 922 1135 1004 illo
1202 921 1392 1002 loco
1459 920 1874 1030 depictam
1940 945 2127 1000 esse
2188 943 2442 1027 supra

687 1087 1367 1181 commemoravi,
1413 1086 1600 1167 finis
1641 1085 2041 1169 orationis
2084 1085 2164 1165 in
2204 1083 2442 1194 pagi-

690 1281 883 1335 nam
948 1253 1496 1363 posteriorem
1563 1251 1734 1332 solii
1788 1274 1958 1354 244
2026 1249 2441 1332 transferri

690 1418 1071 1516 debebat,
1139 1417 1368 1527 quod
1433 1417 1704 1498 scriba
1768 1416 2052 1499 nescio
2119 1443 2284 1525 qua
2339 1414 2443 1497 de

688 1613 941 1667 causa
992 1584 1255 1666 facere
1304 1583 1689 1693 neglexit.
1765 1583 1887 1664 Ita
1939 1582 2242 1663 factum
2294 1593 2443 1678 est,

690 1763 778 1833 ut
823 1776 1132 1832 nomen
1179 1749 1355 1831 eius
1391 1748 1637 1859 plane
1673 1748 2242 1844 occultaretur,
2293 1746 2446 1828 nisi

689 1915 1027 1997 fortuito
1113 1914 1467 1995 orationi
1553 1914 1632 1994 in
1709 1940 2032 1995 canone
2115 1912 2444 2009 missae,

690 2109 856 2192 qua
951 2081 1264 2163 mentio
1360 2080 1449 2162 fit
1538 2080 1949 2178 vivorum,
2051 2079 2447 2161 insertum

691 2259 932 2343 esset,
1001 2273 1217 2356 quae
1282 2246 1399 2327 sic
1461 2245 1749 2328 habet:

1664 2410 1822 2516 Toy
1878 2437 2183 2492 IIOMQHH
2239 2438 2449 2491 :mino

1292 2602 1435 2709 Lm.
1530 2606 1621 2659 Rc.
1675 2602 2027 2667 :romb-n
2084 2570 2451 2681 lloy‘r‘iza

1095 2729 1134 2804 '²0
1223 2844 1232 2852 ἰ
1312 2716 1366 2812 'f
1530 2738 1850 2831 nuqua:
1972 2745 2184 2841 „Hic
2279 2770 2454 2826 me-

1357 2875 1442 3040 ’ᾖ
1525 2923 1811 2992 mento
1834 2910 2224 2992 vivorum
2248 2937 2453 3020 quo-

1524 3102 1703 3156 rum
1764 3075 1892 3157 vis
1955 3088 2044 3157 et
2096 3074 2452 3158 Butko-

1421 3267 1471 3319 n
1492 3240 1564 3320 is
1595 3240 1953 3322 scribae“
1988 3240 2152 3351 (fol.
2175 3265 2332 3345 140
2346 3238 2448 3348 a).

1507 3406 1671 3512 Qui
1751 3406 1999 3516 igitur
2077 3406 2451 3489 codicem

1320 3571 1782 3680 scripserat,
1832 3570 2144 3652 Butko
2181 3571 2452 3653 nomi-

1320 3736 1691 3819 nabatur.
1745 3738 2080 3819 Nomen
2124 3751 2251 3820 est
2290 3737 2452 3819 sla-

951 3867 1068 4132 2
1318 3903 1616 4000 vicum,
1664 3902 2256 4012 hypocorisma
2293 3902 2454 3983 sor-

869 4113 942 4166 ζ
1053 4079 1176 4135 Ὃ
1322 4096 1508 4150 mae
1566 4068 2025 4150 Budislav
2081 4082 2224 4150 aut
2275 4070 2453 4150 Bu-

1008 4235 1285 4316 dimir
1357 4233 2116 4345 (palaeoslovenice
2182 4235 2453 4343 expri-

967 4426 1146 4481 mas
1179 4428 1193 4481 :
1260 4393 1809 4498 Βκμηωαιη,
1873 4393 2453 4512 ΒκΑηΜηρἎ);

935 4565 1233 4646 rectius
1274 4564 1611 4647 Budko
1652 4565 1830 4648 sive
1864 4566 2220 4673 Boyirbrto
2256 4566 2456 4647 scri-

904 4728 1275 4811 bendum
1317 4743 1513 4812 erat.
1577 4731 1853 4812 Huius
1900 4730 2261 4811 nominis
2302 4730 2455 4811 ho-

861 4895 1127 4976 mines
1174 4895 1253 4975 in
1296 4895 1717 4977 Dalmatia
1756 4895 2215 5007 vicinisque
2256 4923 2453 5006 pro-

700 5060 1011 5157 vinciis,
1049 5087 1265 5170 quae
1302 5088 1352 5141 a
1393 5061 1724 5142 Croatis
1771 5075 1853 5143 et
1897 5062 2186 5144 Serbis
2235 5064 2457 5144 inco-

702 5225 1000 5323 luntur,
1056 5226 1527 5336 frequenter
1578 5241 2037 5309 occurrunt.
2123 5227 2457 5309 Butko

701 5391 1040 5501 quidam
1115 5420 1341 5473 anno
1420 5394 1652 5498 1386
1731 5393 2214 5504 logothetus
2288 5394 2455 5491 fuit,

702 5558 816 5639 uti
914 5585 1016 5639 ex
1120 5558 1688 5667 chrysobullio
1798 5558 2122 5641 serbico
2235 5561 2457 5670 apud

704 5722 1267 5806 Miklosicium
1356 5752 1545 5835 pag.
1619 5749 1790 5829 204
1884 5725 2108 5808 edito
2201 5754 2460 5836 appa-

702 5901 843 5971 ret.
915 5889 1169 5971 Aliud
1214 5889 1812 5973 documentum
1858 5890 2457 6001 glagoliticum,

702 6081 927 6136 anno
986 6057 1206 6160 1393
1254 6056 1674 6167 scriptum,
1730 6058 2120 6139 comitem
2167 6057 2462 6139 corba-

2654 918 3029 999 viensem
3103 916 3559 1027 quendam,
3633 917 3761 998 cui
3837 917 4185 1000 Butko
4261 944 4415 999 no-

2655 1109 2846 1164 men
2900 1096 3097 1179 erat,
3152 1096 3778 1164 commemorat.
3849 1083 4189 1165 Videsis
4233 1095 4416 1164 acta

2655 1248 3013 1330 croatica
3049 1247 3596 1358 Kukuljevicii
3641 1226 3800 1330 sub
3845 1274 4195 1330 numero
4238 1270 4411 1332 XII.

2657 1415 2946 1495 Nolim
2987 1427 3267 1496 tamen
3303 1414 3710 1497 affirmare
3745 1415 4096 1496 alterum
4141 1428 4415 1496 utrum

2657 1607 2951 1662 eorum
2992 1579 3235 1661 huius
3271 1579 3576 1661 codicis
3618 1580 4104 1688 scriptorem
4139 1580 4413 1662 fuisse.

2812 1746 3054 1853 Quae
3113 1745 3776 1830 conditiofuerit
3827 1745 4211 1842 hominis,
4278 1746 4416 1856 qui

2659 1912 3037 1994 codicem
3092 1912 3480 2009 exaravit,
3548 1912 4074 2021 ignoramus;
4139 1924 4418 1993 tamen

2660 2077 3235 2188 presbyterum
3293 2078 3808 2187 glagolitam,
3859 2076 4230 2159 Almissa
4286 2076 4417 2159 vel

2661 2243 2943 2353 aliquo
3019 2243 3293 2325 vicino
3368 2244 3556 2325 loco
3630 2270 3822 2325 eum
3900 2257 4174 2326 ortum
4241 2243 4420 2324 sine

2664 2409 2832 2491 ulla
2906 2407 3424 2490 dubitatione
3493 2421 3857 2490 statuere
3913 2408 4127 2527 ‚mihi
4193 2409 4419 2507 licet;

2665 2575 3025 2684 denique
3077 2587 3346 2656 totum
3401 2573 3700 2655 librum
3748 2601 3914 2655 una
3959 2574 4424 2683 eademque

2667 2767 2922 2821 manu
2977 2739 3388 2822 Butkonis
3441 2739 4003 2849 conscriptum
4059 2766 4248 2821 esse
4304 2740 4424 2820 iu—

2667 2906 2878 2988 dico,
2981 2906 3157 2989 Sed
3224 2932 3394 2987 non
3461 2905 3680 2987 idem
3747 2905 3837 3002 is,
3906 2905 4045 3015 qui
4110 2916 4425 2987 ceteras

2664 3099 2797 3154 res
2843 3072 3148 3154 codicis
3195 3071 3711 3182 comparavit
3753 3083 3835 3153 et
3880 3070 4177 3153 librum
4223 3098 4425 3153 con-

2665 3237 3013 3347 scripsit,
3070 3238 3380 3320 litteras
3426 3265 3766 3348 quoque
3810 3266 4020 3348 quas
4075 3238 4425 3321 initiales

2664 3403 3208 3513 appellamus,
3294 3430 3505 3513 quas
3572 3404 3818 3486 variis
3883 3404 4218 3513 picturis
4284 3433 4426 3487 ex-

2667 3583 3005 3651 ornatas
3051 3570 3240 3667 dixi,
3287 3569 3421 3651 vel
3470 3569 3881 3679 imagines
3920 3572 4425 3654 Sanctorum

2665 3735 3037 3845 aliasque
3071 3735 3178 3817 ad
3213 3748 3532 3817 textum
3568 3735 4150 3819 illustrandum
4190 3746 4427 3848 spec-

2665 3914 2938 3983 tantes
2993 3901 3341 3998 tabulas,
3398 3928 3552 3983 sua
3604 3928 3857 3983 manu
3911 3903 4245 4012 perfecit
4305 3918 4428 3986 at-

2667 4095 2831 4178 que
2924 4067 3310 4149 absolvit.
3442 4068 3678 4150 Haec
3772 4068 4056 4149 omnia
4144 4069 4426 4150 artifici

2668 4233 3066 4344 pingendi
3153 4234 3422 4343 magis
3496 4234 3760 4342 perito
3842 4234 4431 4317 commendata

2669 4413 2923 4498 erant,
2998 4400 3137 4509 qui
3201 4412 3652 4510 postquam
3715 4399 4110 4509 simplicis
4172 4401 4429 4510 scrip-

2667 4581 2900 4649 turae
2952 4593 3208 4675 opera
3251 4565 3610 4675 perfecta
3653 4578 3800 4664 est,
3856 4578 4032 4647 tum
4088 4567 4428 4649 demum

2670 4732 2935 4814 codici
3028 4732 3450 4814 coloribus
3533 4745 3784 4842 atque
3866 4733 4202 4842 picturis
4286 4761 4430 4815 ex-

2671 4898 3055 4980 ornando
3121 4925 3467 5011 operam
3529 4898 3892 4980 dederat.
3980 4900 4254 4981 Huius
4316 4900 4429 4981 rei

2670 5065 3179 5147 documento
3246 5077 3442 5145 sunt
3499 5064 3576 5145 in
3635 5064 3920 5173 primis
3987 5063 4246 5146 verba
4308 5078 4432 5146 ta-

2672 5230 2919 5311 bulae
3003 5229 3203 5311 solio
3272 5229 3509 5311 161d
3595 5229 3972 5338 depictae
4057 5230 4133 5310 in
4214 5257 4431 5310 mar-

2669 5395 2866 5505 gine
2919 5395 3355 5503 adscripta,
3421 5394 3723 5504 quibus
3777 5394 4046 5475 scriba
4099 5394 4428 5489 codiciS,

2672 5574 2956 5643 noster
3027 5560 3334 5643 scilicet
3397 5560 3696 5658 Butko,
3771 5560 4173 5669 pictorem
4249 5587 4432 5640 mo-

2672 5727 2936 5808 nitum
2999 5753 3186 5808 esse
3249 5726 3535 5823 voluit,
3600 5739 3691 5808 ut
3752 5738 4176 5809 reservato
4240 5752 4432 5835 spa-

2673 5892 2791 5974 tio
2874 5893 3230 6002 paginae
3312 5918 3481 5973 non
3566 5891 3672 5973 ad
3757 5919 4015 5973 unum
4090 5891 4239 5974 sed
4325 5891 4430 5973 ad

2676 6058 2894 6140 duos
2972 6059 3330 6140 Sanctos
3394 6056 3977 6167 depingendos
4044 6070 4429 6139 uteretur.
