5559 7392
2266 1221 2681 1303 CAPUT
2747 1222 2889 1303 IV.

1759 1475 2539 1592 Argumentum
2602 1477 2929 1591 partis
2991 1476 3387 1590 prioris.

853 1793 973 1875 Ut
1053 1792 1430 1904 singulas
1506 1793 1684 1875 libri
1761 1808 2037 1904 partes
2112 1796 2467 1878 seorsim

705 1971 1217 2069 pertractem,
1285 1986 1478 2069 pars
1543 1959 1789 2069 prior,
1857 1961 2296 2070 Proprium
2363 1962 2467 2044 de

705 2137 1103 2233 tempore,
1143 2124 1337 2205 nihil
1374 2124 1541 2206 sere
1575 2124 1991 2236 discrepat
2027 2155 2077 2208 a
2118 2154 2467 2237 respon-

706 2290 953 2373 dente
1044 2303 1274 2399 parte
1359 2289 1826 2372 Missalium
1910 2293 2467 2401 posteriorum

706 2456 1253 2553 saeculorum,
1323 2456 1478 2537 nisi
1543 2456 1773 2566 quod
1834 2457 2231 2540 lectiones
2295 2472 2466 2540 tam

706 2621 1245 2730 epistolarum
1285 2648 1537 2730 quam
1574 2623 2204 2733 evangeliorum
2244 2624 2466 2706 haud

707 2814 915 2883 rar0,
977 2785 1456 2868 nominibus
1514 2789 2025 2897 permutatis,
2090 2789 2315 2871 salsis
2368 2790 2466 2872 ti-

709 2952 901 3069 tulis
958 2951 1536 3034 inscribuntur.
1622 2953 1714 3034 In
1772 2953 2128 3036 sabbato
2195 2955 2466 3037 domi-

707 3118 940 3200 nicae
1047 3132 1388 3228 quartae
1479 3119 1956 3219 AdventuS,
2069 3121 2203 3202 fol.
2280 3122 2333 3202 8
2384 3121 2463 3219 b,

706 3284 947 3367 lectio
1036 3314 1079 3367 ις
1161 3272 1502 3392 pffimnh,
1595 3284 1701 3366 ad
1787 3286 2257 3384 Romanos,
2344 3287 2467 3368 in-

706 3450 1105 3547 scribitur,
1158 3478 1347 3532 cum
1397 3451 1501 3533 sit
1548 3452 1906 3560 epistola
1951 3451 2058 3533 ad
2097 3451 2467 3534 Thessa-

709 3616 1128 3698 lonienses
1194 3639 1285 3714 ΙΙ,
1347 3643 1419 3699 2.
1523 3618 1613 3698 In
1690 3617 2109 3699 dominica
2177 3632 2469 3728 quarta

706 3781 1155 3863 Adventus
1245 3781 1512 3864 codex
1594 3782 1875 3865 scribit
1957 3810 2002 3864 R
2082 3770 2469 3889 pnsunnib,

707 3946 813 4028 ad
896 3947 1367 4045 RomanOS,
1461 3961 1588 4029 est
1668 3960 1947 4031 autem
2037 3948 2280 4030 lectio
2363 3949 2470 4030 ad

711 4112 1192 4195 Corinthios
1259 4134 1313 4211 Ι,
1379 4139 1440 4194 1.
1525 4113 1617 4195 In
1684 4113 1941 4196 missa
2003 4114 2239 4196 tertia
2294 4115 2472 4195 Na-

708 4279 1047 4362 tivitatis
1124 4279 1364 4362 lectio
1441 4279 1785 4363 refertur
1855 4280 1962 4362 ad
2027 4280 2467 4390 Ephesios,

709 4443 774 4529 15
838 4443 1231 4544 coetaneis,
1316 4445 1558 4528 scribi
1638 4473 1841 4529 vero
1925 4445 2285 4529 debebat
2365 4445 2471 4527 ad

712 4610 1152 4693 Hebraeos
1202 4637 1264 4693 1.
1359 4613 1451 4694 In
1506 4613 1719 4695 festo
1777 4613 2173 4695 Cinerum
2229 4611 2469 4695 lectio

710 4804 926 4886 quae
997 4776 1246 4859 Ioelis
1311 4777 1768 4888 prophetae
1833 4790 1980 4876 est,
2057 4777 2266 4860 salso
2332 4778 2472 4860 tri-

709 4942 987 5024 buitur
1050 4942 1351 5024 Isaiae:
1420 4931 1555 5024 &110
1621 4971 1853 5025 oceane
1919 4912 2292 5051 upopomr.
2379 4944 2468 5023 In

709 5107 909 5190 seria
981 5120 1217 5190 sexta
1290 5121 1486 5217 post
1562 5108 2065 5190 dominicam
2149 5109 2471 5191 tertiam

711 5273 1431 5391 Quadragesimae
1492 5300 1659 5354 non
1723 5286 1851 5355 est
1902 5273 2144 5356 lectio
2198 5274 2471 5355 Exodi

710 5437 1031 5548 (urenae
1094 5470 1339 5525 mmm,
1404 5437 1753 5547 moxona),
1829 5437 1979 5521 sed
2047 5439 2225 5521 libri
2287 5439 2470 5521 Nu-

712 5632 1134 5687 merorum
1197 5632 1261 5686 c.
1315 5629 1448 5686 20.
1545 5606 1635 5685 In
1700 5604 2118 5686 dominica
2179 5618 2473 5715 quarta

712 5771 1433 5882 Quadragesimae
1509 5771 1773 5869 lecti0,
1849 5771 1978 5852 cui
2053 5769 2338 5853 titulus
2403 5767 2470 5853 κ’

712 5933 1123 6021 Roflacnem'
1176 5937 1733 6047 praeponitur,
1789 5936 1894 6017 ad
1951 5936 2291 6018 Galatas
2347 5964 2473 6019 re-

712 6102 894 6184 ferri
940 6102 1245 6185 debuit.
1332 6104 1422 6184 In
1479 6103 1675 6185 feria
1727 6115 2017 6211 quarta
2069 6116 2263 6211 post
2322 6102 2474 6183 do-

2681 1796 3068 1878 minicam
3112 1795 3540 1877 Passionis
3586 1822 3756 1877 non
3806 1796 4443 1890 Deuteronoenii

2681 1960 3353 2071 (Tesse'rsq›oflomw
3442 1961 3708 2043 codex
3801 1959 4107 2071 scribit)
4203 1960 4444 2042 lectio

2680 2128 2982 2239 legitur
3026 2128 3188 2238 (fol.
3228 2129 3342 2209 63
3372 2126 3468 2235 c),
3517 2127 3664 2209 sed
3713 2127 4057 2209 Levitici
4104 2154 4279 2236 cap.
4319 2152 4441 2231 19.

2679 2296 2769 2376 In
2837 2294 3191 2376 sabbato
3263 2295 3638 2376 eiusdem
3705 2293 4170 2375 dominicae
4235 2292 4445 2374 salso

2680 2472 3016 2541 notatur
3079 2459 3319 2542 lectio
3395 2459 3572 2540 libri
3641 2458 4095 2568 sapientiae
4171 2457 4447 2568 (mmm,

2678 2624 3339 2734 np'lm(maworn),
3396 2652 3586 2706 cum
3638 2624 4031 2707 Ieremiae
4086 2623 4445 2734 prophe-

2677 2804 2812 2873 tae
2864 2792 2969 2873 sit
3021 2791 3261 2873 lectio
3316 2818 3490 2900 cap.
3541 2791 3661 2871 18.
3757 2791 3846 2870 In
3904 2790 4099 2872 feria
4150 2817 4446 2872 secun-

2680 2956 2787 3038 da
2860 2970 2943 3038 et
3003 2957 3240 3039 tertia
3293 2955 3663 3038 Paschae
3728 2983 3944 3065 quae
4001 2970 4444 3038 occurrunt

2679 3122 3080 3204 lectiones
3133 3121 3786 3232 evangeliorum,
3843 3149 4013 3202 non
4066 3134 4261 3204 sunt
4314 3123 4446 3202 Io-

2678 3288 2918 3370 annis
2984 3286 3109 3397 (o⁷r
3157 3271 3406 3397 nffim),
3474 3287 3623 3370 sed
3689 3289 3968 3369 Lucae
4038 3286 4200 3395 (sol.
4259 3311 4442 3384 100,

2694 3450 2910 3560 101).
2982 3453 3258 3535 Etiam
3305 3453 3385 3534 in
3430 3453 3643 3534 festo
3682 3452 4229 3534 Ascensionis
4275 3479 4446 3533 non

2680 3619 3121 3730 evangelio
3169 3621 3448 3701 Lucae
3495 3617 3618 3728 (o'r
3661 3617 3939 3729 floylffl)
3990 3618 4140 3701 sed
4186 3619 4445 3700 Marci

2682 3785 2924 3867 lectio
3029 3786 3527 3895 deprompta
3628 3797 3773 3866 est.
3903 3785 3995 3865 In
4090 3784 4445 3866 sabbato

2682 3962 3077 4060 quattuor
3138 3963 3611 4060 temporum
3676 3950 4217 4032 Pentecostes
4282 3949 4446 4031 lec-

2682 4117 2798 4199 tio
2853 4116 3063 4198 salso
3119 4115 3582 4198 inscribitur
3631 4115 3990 4225 apostoli
4044 4115 4277 4197 Pauli
4339 4115 4447 4197 ad

2684 4281 3167 4364 Corinthios
3222 4281 3426 4389 (116
3460 4278 3556 4389 c),
3611 4308 3802 4362 cum
3851 4281 3957 4363 ad
4008 4282 4447 4363 Romanos

2683 4476 2859 4557 cap.
2900 4469 2950 4553 5
3002 4447 3417 4529 reseratur.
3486 4448 3577 4528 In
3622 4445 4038 4527 dominica
4080 4445 4449 4528 secunda

2683 4628 2877 4725 post
2927 4614 3476 4695 Pentecosten
3543 4612 3750 4723 (sive
3802 4611 4008 4693 infra
4060 4624 4447 4693 octavam

2684 4774 3121 4892 Corporis)
3217 4805 3433 4888 quae
3528 4777 3826 4888 legitur
3913 4776 4178 4873 lectiO,
4275 4802 4446 4857 non

2682 4958 2810 5026 est
2873 4942 3150 5025 Iacobi
3216 4942 3578 5053 apostoli
3644 4940 3921 5051 (lutona
3975 4925 4222 5051 anffa),
4297 4941 4447 5024 sed

2683 5109 3019 5192 Ioannis
3101 5108 3458 5219 apostoli
3543 5130 3599 5206 Ι,
3674 5110 3750 5190 3.
3857 5109 3948 5189 In
4032 5107 4450 5189 dominica

2682 5275 2970 5385 quinta
3021 5301 3174 5385 pro
3230 5274 3582 5357 lectione
3634 5273 3992 5383 apostoli
4045 5273 4279 5355 Pauli
4342 5273 4448 5355 ad

2683 5441 3125 5523 Romanos
3191 5439 3518 5522 inscribi
3593 5439 3879 5522 debuit
3948 5439 4164 5521 beati
4231 5439 4448 5521 Petri

2683 5606 3043 5715 apostoli
3100 5628 3154 5701 1,
3206 5607 3257 5686 3
3315 5604 3479 5715 (fol.
3535 5630 3681 5686 121
3718 5604 3820 5710 a).
3898 5605 3988 5684 In
4034 5603 4450 5685 dominica

2686 5800 2911 5853 nona
2975 5799 3144 5852 non
3211 5784 3337 5853 est
3401 5769 3753 5880 epistola
3817 5769 4448 5888 beati-apostoli

2684 5936 2918 6018 Pauli
2964 5936 3071 6018 ad
3119 5937 3581 6033 Romanos,
3630 5935 3776 6016 sed
3822 5934 3927 6016 ad
3972 5935 4452 6018 Corinthios

2686 6123 2740 6197 Ι,
2805 6126 2928 6184 10.
3013 6102 3103 6183 In
3160 6101 3359 6184 seria
3411 6114 3644 6183 sexta
3688 6112 4082 6209 quattuor
4122 6114 4450 6209 tempo-
