5559 7392
2732 715 3251 801 —84—

1282 977 1685 1076 „Collatis
1759 976 2008 1086 igitur
2081 976 2342 1086 signis
2418 975 2735 1056 bellicis
2804 988 2886 1056 et

1117 1143 1504 1226 tubarum
1570 1142 1944 1239 vocibus
2021 1155 2372 1253 utraque
2448 1169 2552 1224 ex
2624 1155 2881 1252 parte,

1118 1335 1432 1419 magno
1509 1308 1930 1419 clangoris
2004 1308 2086 1389 in
2162 1309 2441 1390 sonitu
2524 1321 2885 1390 taratan-

1118 1473 1689 1572 tarizantibus;
1753 1487 2104 1583 uterque
2159 1474 2446 1571 hostiS,
2505 1487 2882 1556 mutuam

1116 1641 1198 1721 in
1264 1640 1585 1722 ruinam
1652 1639 2146 1737 sitibundus,
2216 1639 2534 1721 bellum
2611 1640 2885 1751 ingre-

1117 1806 1335 1888 ditur
1425 1818 1508 1888 et
1589 1806 1669 1887 in
1762 1832 2074 1915 magna
2154 1805 2456 1887 virtute
2551 1805 2883 1887 lancea-

1115 1971 1414 2068 torum,
1484 1970 1798 2053 viribus
1865 1970 2320 2081 proeliatur
2383 1970 2601 2052 totis
2692 1972 2884 2053 Cla-

1116 2164 1302 2219 mor
1345 2137 1647 2248 ingens
1695 2135 2116 2233 exuberat,
2166 2135 2663 2245 franguntur
2706 2137 2885 2218 lan-

1115 2330 1336 2401 ceae,
1435 2317 1518 2385 et
1611 2303 1693 2384 in
1783 2330 2070 2384 earum
2164 2302 2560 2384 fractione
2646 2303 2881 2386 multi

1116 2469 1607 2551 deiiciuntur
1648 2469 1757 2550 ab
1801 2469 2059 2579 equiS‚
2108 2467 2416 2550 cadunt
2459 2468 2645 2551 hinc
2690 2469 2881 2551 inde

1114 2635 1527 2717 cadavera
1591 2648 2117 2717 mortuorum
2194 2647 2427 2744 parte
2496 2662 2599 2716 ex
2665 2648 2884 2717 utra-

1116 2827 1302 2911 que.
1397 2801 1577 2883 Sed
1643 2800 1829 2910 quis
1896 2801 2462 2883 Bosnensium
2527 2803 2881 2884 astutiae

1115 2993 1207 3048 se
1274 2965 1685 3076 praeferre
1751 2965 2042 3048 valet?
2137 2967 2354 3049 Cum
2423 2967 2883 3078 Hungaro-

1115 3159 1298 3213 rum
1381 3131 1604 3213 vires
1686 3131 2019 3213 illorum
2103 3133 2526 3242 potentiae
2611 3159 2714 3215 eo
2800 3133 2881 3214 in

1113 3296 1566 3378 certamine
1663 3297 1929 3379 multo
2026 3297 2504 3408 superiores
2597 3325 2883 3380 cerne-

1116 3475 1419 3559 rentur,
1507 3489 1707 3544 mox
1792 3463 1901 3544 illi
1987 3465 2399 3546 montium
2483 3491 2633 3574 per
2713 3465 2883 3547 cul-

1114 3628 1360 3726 mina,
1456 3629 1595 3739 qui
1686 3656 1789 3710 ex
1882 3629 2001 3711 eis
2090 3629 2198 3711 ad
2291 3630 2372 3712 id
2458 3631 2881 3713 constituti

1115 3808 1369 3891 erant,
1463 3808 1782 3877 stantes
1875 3795 1986 3877 ita
2079 3796 2322 3894 docti,
2418 3797 2881 3908 Hungaros

1112 3960 1402 4071 fugere
1536 3960 2190 4070 proclamabant.
2338 3963 2577 4044 Haec
2708 3990 2881 4044 vox

1114 4126 1546 4235 Hungaris
1615 4125 1874 4208 edidit
1937 4127 2543 4210 confusionem.
2653 4129 2879 4210 Nam

1112 4275 1691 4402 cum'proelio
1749 4292 2090 4375 viriliter
2153 4294 2651 4392 insisterent,
2718 4294 2881 4377 hoc

1112 4484 1446 4539 rumore
1531 4458 1818 4540 audito
1893 4472 2216 4568 partem
2300 4460 2675 4570 ipsorum
2757 4461 2880 4543 fu-

1107 4650 1270 4734 gae
1346 4623 1628 4705 datam
1710 4623 2076 4706 arbitrati
2160 4653 2551 4736 campum
2636 4627 2879 4709 dese-

1110 4801 1390 4871 rentes
1435 4801 1674 4897 terga
1728 4802 2197 4890 verterunt;
2253 4804 2596 4901 propter
2647 4793 2876 4902 quod

1106 4966 1190 5035 et
1234 4980 1630 5064 magnam
1676 4967 2044 5065 stragem
2091 4968 2174 5037 et
2215 4954 2597 5038 hostibus
2642 4984 2880 5067 prae-

1111 5119 1307 5201 dam
1424 5118 1734 5201 ibidem
1852 5119 2188 5202 dedere.
2318 5122 2504 5204 Nec
2618 5123 2878 5205 duces

1109 5285 1263 5395 ipsi
1336 5285 1538 5367 tanti
1617 5286 1956 5395 periculi
2034 5300 2419 5397 expertes
2494 5288 2874 5371 fuerunt:

1108 5451 1247 5561 qui
1333 5451 1468 5532 alii
1550 5450 1861 5533 ibidem
1947 5453 2184 5562 capti,
2276 5453 2408 5535 alii
2499 5454 2873 5564 peremti.

1107 5618 1469 5698 Ioannes
1563 5618 1785 5698 enim
1849 5615 1985 5718 ,de
2078 5617 2303 5699 Gara
2400 5632 2693 5728 captus
2796 5632 2879 5701 et

1108 5781 1282 5864 dire
1384 5783 1855 5865 vinculatus
1957 5796 2153 5893 post
2253 5784 2566 5867 multos
2667 5812 2873 5867 suae

1107 5946 1605 6056 captivitatis
1700 5947 1881 6029 dies
1976 5947 2441 6031 libertatem
2535 5951 2873 6060 potituS‚

1105 6112 1444 6222 pondus
1519 6113 2213 6196 ferramentorum
2288 6116 2614 6227 ingens
2699 6116 2876 6226 qui-

3040 976 3256 1057 ·bus
3330 976 3658 1057 vinctus
3742 987 3936 1068 erat,
4015 974 4095 1055 in
4173 975 4689 1056 monasterio
4757 975 4862 1056 de

3098 1143 3366 1225 Batha
3435 1141 3544 1224 ad
3608 1142 3965 1253 gloriam
4030 1142 4609 1252 pretiosissimi
4675 1170 4865 1224 san-

3095 1309 3373 1419 guinis
3460 1308 3808 1390 Domini
3905 1274 4505 1418 Redemptoris
4601 1308 4861 1390 nostri

3096 1503 3250 1586 pro
3316 1475 3554 1572 illius,
3622 1474 3852 1584 quod
3916 1472 4227 1555 ibidem
4291 1487 4666 1570 voverat,
4736 1501 4863 1556 re-

3100 1640 3585 1751 demptione
3694 1653 3896 1722 vota
4003 1639 4363 1721 futuram
4459 1616 4583 1722 'ad
4685 1666 4862 1720 me-

3097 1807 3452 1888 moriam
3543 1805 3890 1915 reliquit.
4021 1806 4382 1886 Ioannes
4466 1832 4673 1888 vero
4756 1805 4861 1888 de

3098 1973 3463 2069 Maroth‚
3566 1998 3719 2082 pro
3826 1971 3952 2053 sui
4051 1971 4428 2053 libertate
4526 1972 4860 2054 inimico

3099 2165 3496 2249 magnam
3560 2137 3734 2219 auri
3803 2164 4224 2219 summam
4291 2136 4572 2219 fudit.“

3247 2305 3422 2385 Res
3483 2303 3815 2414 publica
3871 2304 4331 2413 Ragusana
4389 2303 4496 2385 de
4553 2302 4861 2385 eodem

3095 2483 3405 2552 eventu
3472 2469 3605 2550 die
3674 2489 3951 2552 XVIII.
4015 2467 4291 2549 retulit
4356 2468 4532 2579 regi
4592 2468 4862 2579 Sigis-

3096 2634 3438 2717 mundO.
3527 2635 3690 2716 Die
3752 2655 4113 2719 XXVIII.
4168 2634 4375 2716 Iunii
4430 2682 4554 2693 —
4607 2635 4862 2744 scrip-

3094 2801 3199 2883 sit
3280 2828 3413 2910 res
3490 2800 3822 2911 publica
3893 2850 4013 2859 —
4085 2801 4491 2882 Ioannem
4571 2799 4862 2882 ducto-

3095 2994 3272 3048 rem
3339 2994 3530 3049 cum
3595 2966 3876 3048 multis
3934 2967 4157 3076 regis
4215 2966 4610 3077 gentibus
4668 2993 4862 3076 pro-

3094 3159 3437 3242 perasse
3543 3133 3944 3229 Usoram,
4053 3159 4275 3214 nunc
4371 3144 4656 3214 autern
4753 3131 4860 3213 de

3092 3298 3598 3409 gravissimo
3665 3298 4053 3380 conflictu
4121 3297 4359 3379 aliter
4421 3311 4670 3380 sonat
4735 3324 4862 3378 re-

3094 3463 3341 3546 latio:
3451 3463 3655 3573 „ipsi
3757 3476 4040 3568 tamen
4137 3462 4522 3573 Hungari
4619 3463 4858 3572 pauci

3094 3631 3437 3726 fuerant,
3548 3629 3779 3711 nullo
3885 3643 4274 3740 respectu
4380 3629 4861 3740 quantitatis

3093 3795 3697 3893 Theucrorum,
3761 3796 4044 3905 quanti
4100 3795 4474 3905 tantique
4536 3795 4857 3892 fuerint,

3095 3962 3561 4044 dolendum
3607 3971 3802 4043 est.“
3861 3961 4113 4072 (Dipl.
4158 3962 4372 4071 Rag.
4414 3988 4603 4072 pag.
4644 3959 4857 4070 251.)

3094 4127 3540 4209 Credimus
3605 4128 4042 4210 veritatem
4109 4153 4299 4208 esse
4374 4126 4454 4207 in
4532 4127 4857 4209 medio:

3095 4320 3249 4375 nec
3312 4293 3748 4391 Thuroczi,
3835 4321 3991 4375 nec
4054 4293 4322 4403 prima
4389 4293 4680 4376 notitia
4743 4294 4858 4376 rei

3092 4459 3475 4570 publicae
3529 4459 3756 4541 valet
3804 4459 4346 4570 generaliter:
4414 4460 4609 4571 quia
4664 4460 4858 4542 bani

3091 4638 3413 4707 tantum
3520 4651 3710 4706 cum
3813 4624 4236 4734 regalibus
4332 4624 4861 4707 advenerunt

3092 4790 3511 4873 banderiis
3586 4803 3668 4872 et
3743 4790 4066 4872 etiamsi
4144 4791 4448 4872 auxilia
4510 4792 4861 4874 aderant

3091 4957 3659 5056 Bosnensium
3766 4957 4329 5067 quorundam,
4447 4958 4859 5040 exercitus

3092 5123 3381 5205 itinere
3481 5122 3870 5233 fatigatus
3971 5123 4270 5233 partim
4372 5124 4451 5205 in
4556 5150 4857 5234 campo

3092 5288 3353 5370 multa
3409 5289 3726 5370 invenit
3779 5288 4235 5387 obstacula,
4303 5290 4599 5399 partim
4666 5290 4859 5400 quia

3091 5481 3281 5537 cum
3337 5453 3721 5536 hostibus
3778 5454 3859 5536 in
3914 5455 4177 5565 patria
4228 5456 4565 5565 propria
4618 5455 4859 5538 dimi-

3089 5619 3332 5702 cabat
3405 5619 3685 5701 multis
3758 5619 4405 5704 adversitatibus
4477 5635 4855 5719 vexatus

3091 5813 3380 5897 pugna
3444 5773 3780 5867 inferior
3842 5744 4296 5868 succubuit.

3247 5952 3624 6033 Hervoia
3746 5951 4089 6034 tandem
4210 5952 4422 6035 vicit.
4561 5953 4858 6035 Exitus

3089 6117 3283 6199 belli
3329 6117 3478 6199 fuit
3520 6118 3915 6199 voluntas
3962 6144 4601 6228 consensusque
4646 6120 4859 6240 Bos-
