<?xml version="1.0" encoding="UTF-8"?>
<!DOCTYPE html PUBLIC "-//W3C//DTD XHTML 1.0 Transitional//EN"
    "http://www.w3.org/TR/xhtml1/DTD/xhtml1-transitional.dtd">
<html xmlns="http://www.w3.org/1999/xhtml" xml:lang="en" lang="en">
 <head>
  <title>
</title>
<meta http-equiv="Content-Type" content="text/html;charset=utf-8" />
  <meta name='ocr-system' content='tesseract 3.04.00' />
  <meta name='ocr-capabilities' content='ocr_page ocr_carea ocr_par ocr_line ocrx_word'/>
</head>
<body>
  <div class='ocr_page' id='page_1' title='image "./missaleglagolit00unkngoog_0007.png"; bbox 0 0 5559 7392; ppageno 0'>
   <div class='ocr_carea' id='block_1_1' title="bbox 10 6176 13 6698">
    <p class='ocr_par' dir='ltr' id='par_1_1' title="bbox 10 6176 13 6698">
     <span class='ocr_line' id='line_1_1' title="bbox 10 6176 13 6698; baseline 0 0"><span class='ocrx_word' id='word_1_1' title='bbox 10 6176 13 6698; x_wconf 95' lang='lat' dir='ltr'> </span> 
     </span>
    </p>
   </div>
   <div class='ocr_carea' id='block_1_2' title="bbox 1958 1834 3192 1964">
    <p class='ocr_par' dir='ltr' id='par_1_2' title="bbox 1958 1834 3192 1964">
     <span class='ocr_line' id='line_1_2' title="bbox 1958 1834 3192 1964; baseline 0.004 -8"><span class='ocrx_word' id='word_1_2' title='bbox 1958 1834 3192 1964; x_wconf 79' lang='lat' dir='ltr'><strong>PRAEFATIO.</strong></span> 
     </span>
    </p>
   </div>
   <div class='ocr_carea' id='block_1_3' title="bbox 432 2743 1498 4566">
    <p class='ocr_par' dir='ltr' id='par_1_3' title="bbox 432 2743 1498 4566">
     <span class='ocr_line' id='line_1_3' title="bbox 432 2743 1498 3951; baseline 0 0"><span class='ocrx_word' id='word_1_3' title='bbox 432 2743 1498 3951; x_wconf 95' lang='lat' dir='ltr'>         </span> 
     </span>
     <span class='ocr_line' id='line_1_4' title="bbox 432 3951 646 4566; baseline 0 2826"><span class='ocrx_word' id='word_1_4' title='bbox 432 3951 646 4566; x_wconf 95' lang='lat' dir='ltr'> </span> 
     </span>
    </p>
   </div>
   <div class='ocr_carea' id='block_1_4' title="bbox 708 2619 2477 5058">
    <p class='ocr_par' dir='ltr' id='par_1_4' title="bbox 708 2619 2477 5058">
     <span class='ocr_line' id='line_1_5' title="bbox 1635 2619 2475 2730; baseline 0.005 -33"><span class='ocrx_word' id='word_1_5' title='bbox 1635 2619 1938 2728; x_wconf 83' lang='lat' dir='ltr'>Operis</span> <span class='ocrx_word' id='word_1_6' title='bbox 2007 2620 2252 2700; x_wconf 91' lang='lat' dir='ltr'>huius</span> <span class='ocrx_word' id='word_1_7' title='bbox 2322 2647 2475 2730; x_wconf 89' lang='lat' dir='ltr'>pu-</span> 
     </span>
     <span class='ocr_line' id='line_1_6' title="bbox 1498 2784 2473 2867; baseline 0.001 -2"><span class='ocrx_word' id='word_1_8' title='bbox 1498 2784 2029 2866; x_wconf 87' lang='lat' dir='ltr'>blicationem</span> <span class='ocrx_word' id='word_1_9' title='bbox 2066 2784 2473 2867; x_wconf 87' lang='lat' dir='ltr'>debemus</span> 
     </span>
     <span class='ocr_line' id='line_1_7' title="bbox 1498 2957 2474 3069; baseline 0.002 -30"><span class='ocrx_word' id='word_1_10' title='bbox 1498 2957 1606 3039; x_wconf 93' lang='lat' dir='ltr'>illi</span> <span class='ocrx_word' id='word_1_11' title='bbox 1682 2959 2149 3040; x_wconf 81' lang='lat' dir='ltr'>studiorum</span> <span class='ocrx_word' id='word_1_12' title='bbox 2218 2959 2474 3069; x_wconf 91' lang='lat' dir='ltr'>impe-</span> 
     </span>
     <span class='ocr_line' id='line_1_8' title="bbox 1082 3124 2476 3235; baseline 0.006 -36"><span class='ocrx_word' id='word_1_13' title='bbox 1082 3137 1263 3199; x_wconf 75' lang='lat' dir='ltr'>Fig-1-</span> <span class='ocrx_word' id='word_1_14' title='bbox 1391 3124 1531 3221; x_wconf 90' lang='lat' dir='ltr'>tui,</span> <span class='ocrx_word' id='word_1_15' title='bbox 1603 3151 1772 3234; x_wconf 90' lang='lat' dir='ltr'>quo</span> <span class='ocrx_word' id='word_1_16' title='bbox 1837 3125 2132 3206; x_wconf 89' lang='lat' dir='ltr'>eruditi</span> <span class='ocrx_word' id='word_1_17' title='bbox 2199 3126 2476 3235; x_wconf 90' lang='lat' dir='ltr'>gentis</span> 
     </span>
     <span class='ocr_line' id='line_1_9' title="bbox 1021 3289 2476 3398; baseline 0.002 -29"><span class='ocrx_word' id='word_1_18' title='bbox 1021 3289 1624 3398; x_wconf 89' lang='lat' dir='ltr'>Hungarorum</span> <span class='ocrx_word' id='word_1_19' title='bbox 1696 3289 2122 3371; x_wconf 83' lang='lat' dir='ltr'>historiam</span> <span class='ocrx_word' id='word_1_20' title='bbox 2205 3290 2476 3372; x_wconf 90' lang='lat' dir='ltr'>cultus</span> 
     </span>
     <span class='ocr_line' id='line_1_10' title="bbox 1021 3455 2476 3565; baseline 0.003 -30"><span class='ocrx_word' id='word_1_21' title='bbox 1021 3455 1358 3536; x_wconf 89' lang='lat' dir='ltr'>humani</span> <span class='ocrx_word' id='word_1_22' title='bbox 1405 3455 1836 3564; x_wconf 87' lang='lat' dir='ltr'>civilisque</span> <span class='ocrx_word' id='word_1_23' title='bbox 1882 3455 2059 3537; x_wconf 90' lang='lat' dir='ltr'>eius</span> <span class='ocrx_word' id='word_1_24' title='bbox 2103 3483 2476 3565; x_wconf 89' lang='lat' dir='ltr'>praeser-</span> 
     </span>
     <span class='ocr_line' id='line_1_11' title="bbox 998 3620 2475 3733; baseline 0.003 -32"><span class='ocrx_word' id='word_1_25' title='bbox 998 3620 1165 3733; x_wconf 89' lang='lat' dir='ltr'>tim</span> <span class='ocrx_word' id='word_1_26' title='bbox 1208 3621 1416 3718; x_wconf 88' lang='lat' dir='ltr'>aevi,</span> <span class='ocrx_word' id='word_1_27' title='bbox 1469 3648 1637 3731; x_wconf 89' lang='lat' dir='ltr'>quo</span> <span class='ocrx_word' id='word_1_28' title='bbox 1689 3621 2280 3728; x_wconf 91' lang='lat' dir='ltr'>inclytissimus</span> <span class='ocrx_word' id='word_1_29' title='bbox 2329 3651 2475 3705; x_wconf 85' lang='lat' dir='ltr'>rex</span> 
     </span>
     <span class='ocr_line' id='line_1_12' title="bbox 711 3785 2474 3896; baseline 0.002 -30"><span class='ocrx_word' id='word_1_30' title='bbox 711 3785 1072 3867; x_wconf 87' lang='lat' dir='ltr'>Mathias</span> <span class='ocrx_word' id='word_1_31' title='bbox 1128 3785 1551 3867; x_wconf 88' lang='lat' dir='ltr'>Corvinus</span> <span class='ocrx_word' id='word_1_32' title='bbox 1609 3786 2235 3896; x_wconf 83' lang='lat'>(1458—1490)</span> <span class='ocrx_word' id='word_1_33' title='bbox 2291 3802 2474 3871; x_wconf 90' lang='lat' dir='ltr'>tan-</span> 
     </span>
     <span class='ocr_line' id='line_1_13' title="bbox 708 3950 2476 4062; baseline 0.002 -30"><span class='ocrx_word' id='word_1_34' title='bbox 708 3964 842 4032; x_wconf 93' lang='lat' dir='ltr'>tus</span> <span class='ocrx_word' id='word_1_35' title='bbox 898 3950 1352 4032; x_wconf 93' lang='lat' dir='ltr'>litterarum</span> <span class='ocrx_word' id='word_1_36' title='bbox 1406 3952 1878 4062; x_wconf 93' lang='lat' dir='ltr'>artiumque</span> <span class='ocrx_word' id='word_1_37' title='bbox 1940 3953 2214 4035; x_wconf 85' lang='lat' dir='ltr'>fautor</span> <span class='ocrx_word' id='word_1_38' title='bbox 2276 3956 2476 4036; x_wconf 94' lang='lat' dir='ltr'>emi-</span> 
     </span>
     <span class='ocr_line' id='line_1_14' title="bbox 710 4116 2474 4228; baseline 0.004 -32"><span class='ocrx_word' id='word_1_39' title='bbox 710 4116 906 4212; x_wconf 89' lang='lat' dir='ltr'><strong>nuit,</strong></span> <span class='ocrx_word' id='word_1_40' title='bbox 984 4117 1487 4228; x_wconf 87' lang='lat' dir='ltr'>investigare</span> <span class='ocrx_word' id='word_1_41' title='bbox 1560 4132 1642 4201; x_wconf 93' lang='lat' dir='ltr'>et</span> <span class='ocrx_word' id='word_1_42' title='bbox 1714 4118 2119 4201; x_wconf 90' lang='lat' dir='ltr'>illustrare</span> <span class='ocrx_word' id='word_1_43' title='bbox 2191 4120 2474 4202; x_wconf 91' lang='lat' dir='ltr'>elabo-</span> 
     </span>
     <span class='ocr_line' id='line_1_15' title="bbox 710 4283 2474 4396; baseline 0.004 -33"><span class='ocrx_word' id='word_1_44' title='bbox 710 4295 911 4365; x_wconf 90' lang='lat' dir='ltr'>rant.</span> <span class='ocrx_word' id='word_1_45' title='bbox 1003 4283 1280 4366; x_wconf 89' lang='lat' dir='ltr'>Huius</span> <span class='ocrx_word' id='word_1_46' title='bbox 1336 4285 1557 4366; x_wconf 93' lang='lat' dir='ltr'>enim</span> <span class='ocrx_word' id='word_1_47' title='bbox 1613 4286 1963 4396; x_wconf 89' lang='lat' dir='ltr'>insignis</span> <span class='ocrx_word' id='word_1_48' title='bbox 2019 4288 2474 4370; x_wconf 84' lang='lat' dir='ltr'>memoriae</span> 
     </span>
     <span class='ocr_line' id='line_1_16' title="bbox 709 4448 2474 4564; baseline 0.003 -35"><span class='ocrx_word' id='word_1_49' title='bbox 709 4448 1101 4559; x_wconf 90' lang='lat' dir='ltr'>principis</span> <span class='ocrx_word' id='word_1_50' title='bbox 1167 4464 1529 4561; x_wconf 88' lang='lat' dir='ltr'>augusta</span> <span class='ocrx_word' id='word_1_51' title='bbox 1592 4479 1957 4561; x_wconf 88' lang='lat' dir='ltr'>persona</span> <span class='ocrx_word' id='word_1_52' title='bbox 2030 4453 2242 4535; x_wconf 93' lang='lat' dir='ltr'>inter</span> <span class='ocrx_word' id='word_1_53' title='bbox 2309 4455 2474 4564; x_wconf 91' lang='lat' dir='ltr'>pri-</span> 
     </span>
     <span class='ocr_line' id='line_1_17' title="bbox 710 4615 2473 4728; baseline 0.005 -34"><span class='ocrx_word' id='word_1_54' title='bbox 710 4641 899 4697; x_wconf 93' lang='lat' dir='ltr'>mos</span> <span class='ocrx_word' id='word_1_55' title='bbox 982 4615 1102 4696; x_wconf 90' lang='lat' dir='ltr'>sic</span> <span class='ocrx_word' id='word_1_56' title='bbox 1183 4616 1450 4698; x_wconf 91' lang='lat' dir='ltr'>dictae</span> <span class='ocrx_word' id='word_1_57' title='bbox 1528 4619 2183 4728; x_wconf 82' lang='lat' dir='ltr'>regenerationis</span> <span class='ocrx_word' id='word_1_58' title='bbox 2257 4620 2473 4703; x_wconf 92' lang='lat' dir='ltr'>litte-</span> 
     </span>
     <span class='ocr_line' id='line_1_18' title="bbox 710 4782 2475 4898; baseline 0.005 -38"><span class='ocrx_word' id='word_1_59' title='bbox 710 4807 986 4861; x_wconf 91' lang='lat' dir='ltr'>rarum</span> <span class='ocrx_word' id='word_1_60' title='bbox 1043 4795 1123 4864; x_wconf 95' lang='lat' dir='ltr'>et</span> <span class='ocrx_word' id='word_1_61' title='bbox 1174 4782 1471 4864; x_wconf 91' lang='lat' dir='ltr'>artium</span> <span class='ocrx_word' id='word_1_62' title='bbox 1535 4798 1919 4867; x_wconf 81' lang='lat' dir='ltr'>auctores</span> <span class='ocrx_word' id='word_1_63' title='bbox 1981 4814 2079 4868; x_wconf 90' lang='lat' dir='ltr'>ac</span> <span class='ocrx_word' id='word_1_64' title='bbox 2131 4814 2475 4898; x_wconf 92' lang='lat' dir='ltr'>promo-</span> 
     </span>
     <span class='ocr_line' id='line_1_19' title="bbox 709 4946 2477 5058; baseline 0.004 -30"><span class='ocrx_word' id='word_1_65' title='bbox 709 4960 936 5028; x_wconf 86' lang='lat' dir='ltr'>tores</span> <span class='ocrx_word' id='word_1_66' title='bbox 991 4946 1282 5046; x_wconf 90' lang='lat' dir='ltr'>elucet,</span> <span class='ocrx_word' id='word_1_67' title='bbox 1340 4949 1479 5058; x_wconf 93' lang='lat' dir='ltr'>qui</span> <span class='ocrx_word' id='word_1_68' title='bbox 1534 4950 1923 5032; x_wconf 88' lang='lat' dir='ltr'>nimirum</span> <span class='ocrx_word' id='word_1_69' title='bbox 1977 4965 2247 5034; x_wconf 93' lang='lat' dir='ltr'>aetate</span> <span class='ocrx_word' id='word_1_70' title='bbox 2300 4981 2477 5035; x_wconf 90' lang='lat' dir='ltr'>me-</span> 
     </span>
    </p>
   </div>
   <div class='ocr_carea' id='block_1_5' title="bbox 709 5113 2479 5382">
    <p class='ocr_par' dir='ltr' id='par_1_5' title="bbox 709 5113 2479 5382">
     <span class='ocr_line' id='line_1_20' title="bbox 710 5113 2479 5203; baseline 0.006 -9"><span class='ocrx_word' id='word_1_71' title='bbox 710 5113 846 5194; x_wconf 91' lang='lat' dir='ltr'>dia</span> <span class='ocrx_word' id='word_1_72' title='bbox 911 5127 1268 5196; x_wconf 85' lang='lat' dir='ltr'>exeunte</span> <span class='ocrx_word' id='word_1_73' title='bbox 1334 5114 1811 5198; x_wconf 89' lang='lat' dir='ltr'>huiusmodi</span> <span class='ocrx_word' id='word_1_74' title='bbox 1879 5119 2318 5202; x_wconf 89' lang='lat' dir='ltr'>conatibus</span> <span class='ocrx_word' id='word_1_75' title='bbox 2382 5149 2479 5203; x_wconf 91' lang='lat' dir='ltr'>ac</span> 
     </span>
     <span class='ocr_line' id='line_1_21' title="bbox 709 5270 2186 5382; baseline 0.005 -31"><span class='ocrx_word' id='word_1_76' title='bbox 709 5270 1199 5353; x_wconf 88' lang='lat' dir='ltr'>liberalitate</span> <span class='ocrx_word' id='word_1_77' title='bbox 1264 5273 1622 5382; x_wconf 83' lang='lat' dir='ltr'>gloriam</span> <span class='ocrx_word' id='word_1_78' title='bbox 1691 5276 1905 5357; x_wconf 87' lang='lat' dir='ltr'>nacti</span> <span class='ocrx_word' id='word_1_79' title='bbox 1971 5290 2186 5359; x_wconf 89' lang='lat' dir='ltr'>sunt.</span> 
     </span>
    </p>
   </div>
   <div class='ocr_carea' id='block_1_6' title="bbox 708 5438 2477 6034">
    <p class='ocr_par' dir='ltr' id='par_1_6' title="bbox 708 5438 2477 6034">
     <span class='ocr_line' id='line_1_22' title="bbox 862 5438 2475 5553; baseline 0.005 -36"><span class='ocrx_word' id='word_1_80' title='bbox 862 5438 1165 5548; x_wconf 86' lang='lat' dir='ltr'>Neque</span> <span class='ocrx_word' id='word_1_81' title='bbox 1240 5440 1514 5521; x_wconf 90' lang='lat' dir='ltr'>minus</span> <span class='ocrx_word' id='word_1_82' title='bbox 1581 5441 1769 5522; x_wconf 90' lang='lat' dir='ltr'>huic</span> <span class='ocrx_word' id='word_1_83' title='bbox 1832 5443 2065 5553; x_wconf 92' lang='lat' dir='ltr'>operi</span> <span class='ocrx_word' id='word_1_84' title='bbox 2142 5443 2475 5525; x_wconf 90' lang='lat' dir='ltr'>edendo</span> 
     </span>
     <span class='ocr_line' id='line_1_23' title="bbox 709 5601 2477 5715; baseline 0.006 -34"><span class='ocrx_word' id='word_1_85' title='bbox 709 5601 1199 5684; x_wconf 88' lang='lat' dir='ltr'>adiumento</span> <span class='ocrx_word' id='word_1_86' title='bbox 1291 5604 1441 5686; x_wconf 90' lang='lat' dir='ltr'>fuit</span> <span class='ocrx_word' id='word_1_87' title='bbox 1522 5606 1968 5715; x_wconf 88' lang='lat' dir='ltr'>singularis</span> <span class='ocrx_word' id='word_1_88' title='bbox 2053 5608 2189 5690; x_wconf 93' lang='lat' dir='ltr'>illa</span> <span class='ocrx_word' id='word_1_89' title='bbox 2272 5610 2477 5691; x_wconf 92' lang='lat' dir='ltr'>libe-</span> 
     </span>
     <span class='ocr_line' id='line_1_24' title="bbox 711 5767 2475 5884; baseline 0.005 -37"><span class='ocrx_word' id='word_1_90' title='bbox 711 5767 988 5849; x_wconf 91' lang='lat' dir='ltr'>ralitas</span> <span class='ocrx_word' id='word_1_91' title='bbox 1080 5770 1450 5879; x_wconf 79' lang='lat' dir='ltr'>Augusti</span> <span class='ocrx_word' id='word_1_92' title='bbox 1543 5772 2014 5854; x_wconf 79' lang='lat' dir='ltr'>Tuscorum</span> <span class='ocrx_word' id='word_1_93' title='bbox 2107 5774 2475 5884; x_wconf 90' lang='lat' dir='ltr'>Impera-</span> 
     </span>
     <span class='ocr_line' id='line_1_25' title="bbox 708 5934 2476 6034; baseline 0.004 -20"><span class='ocrx_word' id='word_1_94' title='bbox 708 5934 913 6015; x_wconf 91' lang='lat' dir='ltr'>toris</span> <span class='ocrx_word' id='word_1_95' title='bbox 997 5935 1281 6017; x_wconf 79' lang='lat' dir='ltr'>Abdul</span> <span class='ocrx_word' id='word_1_96' title='bbox 1360 5936 1672 6018; x_wconf 93' lang='lat' dir='ltr'>Hamid</span> <span class='ocrx_word' id='word_1_97' title='bbox 1758 5959 1873 6034; x_wconf 91' lang='grc' dir='ltr'><strong>ΙΙ.,</strong></span> <span class='ocrx_word' id='word_1_98' title='bbox 1959 5938 2476 6021; x_wconf 89' lang='lat' dir='ltr'>benevolen-</span> 
     </span>
    </p>
   </div>
   <div class='ocr_carea' id='block_1_7' title="bbox 709 6100 2280 6187">
    <p class='ocr_par' dir='ltr' id='par_1_7' title="bbox 709 6100 2280 6187">
     <span class='ocr_line' id='line_1_26' title="bbox 709 6100 2280 6187; baseline 0.004 -7"><span class='ocrx_word' id='word_1_99' title='bbox 709 6100 1002 6181; x_wconf 92' lang='lat' dir='ltr'>tissimi</span> <span class='ocrx_word' id='word_1_100' title='bbox 1068 6102 1366 6183; x_wconf 88' lang='lat' dir='ltr'>artium</span> <span class='ocrx_word' id='word_1_101' title='bbox 1434 6102 1846 6185; x_wconf 88' lang='lat' dir='ltr'>bonarum</span> <span class='ocrx_word' id='word_1_102' title='bbox 1914 6104 2280 6187; x_wconf 89' lang='lat' dir='ltr'>fautoris.</span> 
     </span>
    </p>
   </div>
   <div class='ocr_carea' id='block_1_8' title="bbox 2686 2619 4458 6055">
    <p class='ocr_par' dir='ltr' id='par_1_8' title="bbox 2687 2619 4455 4200">
     <span class='ocr_line' id='line_1_27' title="bbox 2730 2619 4450 2732; baseline 0.002 -32"><span class='ocrx_word' id='word_1_103' title='bbox 2730 2666 2735 2673; x_wconf 90' lang='lat'><strong>·</strong></span> <span class='ocrx_word' id='word_1_104' title='bbox 2844 2619 3231 2727; x_wconf 69' lang='lat' dir='ltr'>Quantae</span> <span class='ocrx_word' id='word_1_105' title='bbox 3312 2634 3589 2702; x_wconf 91' lang='lat' dir='ltr'>autem</span> <span class='ocrx_word' id='word_1_106' title='bbox 3672 2647 3918 2702; x_wconf 90' lang='lat' dir='ltr'>curae</span> <span class='ocrx_word' id='word_1_107' title='bbox 4010 2622 4186 2732; x_wconf 93' lang='lat' dir='ltr'>regi</span> <span class='ocrx_word' id='word_1_108' title='bbox 4264 2624 4450 2704; x_wconf 90' lang='lat' dir='ltr'>Ma-</span> 
     </span>
     <span class='ocr_line' id='line_1_28' title="bbox 2687 2784 4449 2885; baseline 0.002 -19"><span class='ocrx_word' id='word_1_109' title='bbox 2687 2784 2907 2869; x_wconf 88' lang='lat' dir='ltr'>thiae</span> <span class='ocrx_word' id='word_1_110' title='bbox 2980 2785 3433 2867; x_wconf 89' lang='lat' dir='ltr'>litterarum</span> <span class='ocrx_word' id='word_1_111' title='bbox 3510 2786 4114 2869; x_wconf 90' lang='lat' dir='ltr'>incrementum</span> <span class='ocrx_word' id='word_1_112' title='bbox 4190 2788 4449 2885; x_wconf 90' lang='lat' dir='ltr'>fuerit,</span> 
     </span>
     <span class='ocr_line' id='line_1_29' title="bbox 2689 2952 4450 3061; baseline 0.003 -30"><span class='ocrx_word' id='word_1_113' title='bbox 2689 2978 2944 3061; x_wconf 91' lang='lat' dir='ltr'>quam</span> <span class='ocrx_word' id='word_1_114' title='bbox 3008 2952 3552 3034; x_wconf 87' lang='lat' dir='ltr'>vehementer</span> <span class='ocrx_word' id='word_1_115' title='bbox 3618 2952 3797 3061; x_wconf 92' lang='lat' dir='ltr'>ipse</span> <span class='ocrx_word' id='word_1_116' title='bbox 3862 2953 3959 3034; x_wconf 89' lang='lat' dir='ltr'>iis</span> <span class='ocrx_word' id='word_1_117' title='bbox 4023 2955 4450 3051; x_wconf 89' lang='lat' dir='ltr'>studuerit,</span> 
     </span>
     <span class='ocr_line' id='line_1_30' title="bbox 2687 3117 4448 3231; baseline 0.003 -34"><span class='ocrx_word' id='word_1_118' title='bbox 2687 3117 3138 3226; x_wconf 90' lang='lat' dir='ltr'>plurimum</span> <span class='ocrx_word' id='word_1_119' title='bbox 3246 3145 3414 3199; x_wconf 90' lang='lat' dir='ltr'>non</span> <span class='ocrx_word' id='word_1_120' title='bbox 3511 3118 3790 3200; x_wconf 91' lang='lat' dir='ltr'>solum</span> <span class='ocrx_word' id='word_1_121' title='bbox 3889 3120 4448 3231; x_wconf 89' lang='lat' dir='ltr'>Hungaricae,</span> 
     </span>
     <span class='ocr_line' id='line_1_31' title="bbox 2688 3283 4452 3368; baseline 0.002 -4"><span class='ocrx_word' id='word_1_122' title='bbox 2688 3283 2840 3364; x_wconf 94' lang='lat' dir='ltr'>sed</span> <span class='ocrx_word' id='word_1_123' title='bbox 2894 3284 3388 3366; x_wconf 88' lang='lat' dir='ltr'>universalis</span> <span class='ocrx_word' id='word_1_124' title='bbox 3449 3285 3698 3366; x_wconf 92' lang='lat' dir='ltr'>etiam</span> <span class='ocrx_word' id='word_1_125' title='bbox 3760 3286 4150 3368; x_wconf 93' lang='lat' dir='ltr'>historiae</span> <span class='ocrx_word' id='word_1_126' title='bbox 4207 3287 4452 3368; x_wconf 90' lang='lat' dir='ltr'>inter-</span> 
     </span>
     <span class='ocr_line' id='line_1_32' title="bbox 2688 3451 4454 3564; baseline 0.002 -32"><span class='ocrx_word' id='word_1_127' title='bbox 2688 3463 2836 3546; x_wconf 92' lang='lat' dir='ltr'>est,</span> <span class='ocrx_word' id='word_1_128' title='bbox 2921 3451 3405 3560; x_wconf 90' lang='lat' dir='ltr'>praesertim</span> <span class='ocrx_word' id='word_1_129' title='bbox 3487 3479 3676 3533; x_wconf 91' lang='lat' dir='ltr'>cum</span> <span class='ocrx_word' id='word_1_130' title='bbox 3751 3451 3912 3534; x_wconf 91' lang='lat' dir='ltr'>hoc</span> <span class='ocrx_word' id='word_1_131' title='bbox 3985 3453 4204 3564; x_wconf 93' lang='lat' dir='ltr'>regis</span> <span class='ocrx_word' id='word_1_132' title='bbox 4280 3467 4454 3535; x_wconf 92' lang='lat' dir='ltr'>stu-</span> 
     </span>
     <span class='ocr_line' id='line_1_33' title="bbox 2688 3617 4454 3728; baseline 0.001 -29"><span class='ocrx_word' id='word_1_133' title='bbox 2688 3617 2830 3699; x_wconf 95' lang='lat' dir='ltr'>dio</span> <span class='ocrx_word' id='word_1_134' title='bbox 2897 3618 3529 3728; x_wconf 91' lang='lat' dir='ltr'>potentissimus</span> <span class='ocrx_word' id='word_1_135' title='bbox 3598 3618 3732 3699; x_wconf 92' lang='lat' dir='ltr'>ille</span> <span class='ocrx_word' id='word_1_136' title='bbox 3787 3619 4261 3701; x_wconf 91' lang='lat' dir='ltr'>animorum</span> <span class='ocrx_word' id='word_1_137' title='bbox 4327 3648 4454 3702; x_wconf 86' lang='lat' dir='ltr'>ar·</span> 
     </span>
     <span class='ocr_line' id='line_1_34' title="bbox 2688 3782 4455 3896; baseline 0.003 -32"><span class='ocrx_word' id='word_1_138' title='bbox 2688 3782 2846 3864; x_wconf 93' lang='lat' dir='ltr'>dor</span> <span class='ocrx_word' id='word_1_139' title='bbox 2898 3811 3166 3894; x_wconf 90' lang='lat' dir='ltr'>usque</span> <span class='ocrx_word' id='word_1_140' title='bbox 3211 3785 3317 3866; x_wconf 92' lang='lat' dir='ltr'>ad</span> <span class='ocrx_word' id='word_1_141' title='bbox 3367 3785 3894 3895; x_wconf 90' lang='lat' dir='ltr'>Hungariam</span> <span class='ocrx_word' id='word_1_142' title='bbox 3947 3812 4455 3896; x_wconf 89' lang='lat' dir='ltr'>progressus</span> 
     </span>
     <span class='ocr_line' id='line_1_35' title="bbox 2688 3949 4453 4060; baseline 0.002 -30"><span class='ocrx_word' id='word_1_143' title='bbox 2688 3949 2794 4032; x_wconf 94' lang='lat' dir='ltr'>sit</span> <span class='ocrx_word' id='word_1_144' title='bbox 2855 3949 3175 4060; x_wconf 89' lang='lat' dir='ltr'>hacque</span> <span class='ocrx_word' id='word_1_145' title='bbox 3241 3950 3320 4031; x_wconf 92' lang='lat' dir='ltr'>in</span> <span class='ocrx_word' id='word_1_146' title='bbox 3386 3965 3603 4033; x_wconf 92' lang='lat' dir='ltr'>terra</span> <span class='ocrx_word' id='word_1_147' title='bbox 3667 3965 4135 4034; x_wconf 85' lang='lat' dir='ltr'>extremum</span> <span class='ocrx_word' id='word_1_148' title='bbox 4200 3953 4453 4034; x_wconf 90' lang='lat' dir='ltr'>finem</span> 
     </span>
     <span class='ocr_line' id='line_1_36' title="bbox 2688 4116 4004 4200; baseline 0.001 -3"><span class='ocrx_word' id='word_1_149' title='bbox 2688 4116 3096 4197; x_wconf 87' lang='lat' dir='ltr'>orientem</span> <span class='ocrx_word' id='word_1_150' title='bbox 3163 4144 3458 4199; x_wconf 88' lang='lat' dir='ltr'>versus</span> <span class='ocrx_word' id='word_1_151' title='bbox 3525 4131 3815 4199; x_wconf 90' lang='lat' dir='ltr'>nactus</span> <span class='ocrx_word' id='word_1_152' title='bbox 3880 4118 4004 4200; x_wconf 92' lang='lat' dir='ltr'>sit.</span> 
     </span>
    </p>

    <p class='ocr_par' dir='ltr' id='par_1_9' title="bbox 2686 4282 4458 6055">
     <span class='ocr_line' id='line_1_37' title="bbox 2839 4282 4453 4392; baseline 0.001 -29"><span class='ocrx_word' id='word_1_153' title='bbox 2839 4282 3025 4364; x_wconf 85' lang='lat' dir='ltr'>Rex</span> <span class='ocrx_word' id='word_1_154' title='bbox 3100 4282 3234 4364; x_wconf 91' lang='lat' dir='ltr'>ille</span> <span class='ocrx_word' id='word_1_155' title='bbox 3309 4282 3782 4392; x_wconf 90' lang='lat' dir='ltr'>praeclarus</span> <span class='ocrx_word' id='word_1_156' title='bbox 3847 4283 4186 4365; x_wconf 91' lang='lat' dir='ltr'>amabat</span> <span class='ocrx_word' id='word_1_157' title='bbox 4251 4283 4453 4365; x_wconf 90' lang='lat' dir='ltr'>doc-</span> 
     </span>
     <span class='ocr_line' id='line_1_38' title="bbox 2686 4448 4457 4561; baseline 0.002 -31"><span class='ocrx_word' id='word_1_158' title='bbox 2686 4448 2943 4530; x_wconf 93' lang='lat' dir='ltr'>trinas</span> <span class='ocrx_word' id='word_1_159' title='bbox 3024 4462 3414 4560; x_wconf 92' lang='lat' dir='ltr'>artesque</span> <span class='ocrx_word' id='word_1_160' title='bbox 3497 4449 3913 4549; x_wconf 92' lang='lat' dir='ltr'>liberales‚</span> <span class='ocrx_word' id='word_1_161' title='bbox 4000 4478 4457 4561; x_wconf 89' lang='lat' dir='ltr'>earumque</span> 
     </span>
     <span class='ocr_line' id='line_1_39' title="bbox 2688 4614 4456 4725; baseline 0.002 -30"><span class='ocrx_word' id='word_1_162' title='bbox 2688 4614 3066 4696; x_wconf 93' lang='lat' dir='ltr'>notitiam</span> <span class='ocrx_word' id='word_1_163' title='bbox 3142 4615 3748 4725; x_wconf 86' lang='lat' dir='ltr'>divulgandam</span> <span class='ocrx_word' id='word_1_164' title='bbox 3814 4616 4176 4714; x_wconf 90' lang='lat' dir='ltr'>curabat,</span> <span class='ocrx_word' id='word_1_165' title='bbox 4253 4616 4456 4698; x_wconf 93' lang='lat' dir='ltr'>doc-</span> 
     </span>
     <span class='ocr_line' id='line_1_40' title="bbox 2687 4763 4457 4864; baseline 0.002 -3"><span class='ocrx_word' id='word_1_166' title='bbox 2687 4793 2823 4862; x_wconf 89' lang='lat' dir='ltr'>tos</span> <span class='ocrx_word' id='word_1_167' title='bbox 2907 4794 2989 4862; x_wconf 93' lang='lat' dir='ltr'>et</span> <span class='ocrx_word' id='word_1_168' title='bbox 3060 4781 3414 4863; x_wconf 88' lang='lat' dir='ltr'>artifices</span> <span class='ocrx_word' id='word_1_169' title='bbox 3487 4763 3717 4864; x_wconf 59' lang='lat' dir='ltr'>{siros</span> <span class='ocrx_word' id='word_1_170' title='bbox 3799 4783 3879 4863; x_wconf 90' lang='lat' dir='ltr'>in</span> <span class='ocrx_word' id='word_1_171' title='bbox 3964 4782 4242 4863; x_wconf 91' lang='lat' dir='ltr'>aulam</span> <span class='ocrx_word' id='word_1_172' title='bbox 4327 4810 4457 4864; x_wconf 92' lang='lat' dir='ltr'>re-</span> 
     </span>
     <span class='ocr_line' id='line_1_41' title="bbox 2690 4947 4458 5059; baseline 0.001 -32"><span class='ocrx_word' id='word_1_173' title='bbox 2690 4947 2917 5057; x_wconf 94' lang='lat' dir='ltr'>giam</span> <span class='ocrx_word' id='word_1_174' title='bbox 3000 4947 3468 5057; x_wconf 89' lang='lat' dir='ltr'>recipiebat,</span> <span class='ocrx_word' id='word_1_175' title='bbox 3568 4947 3874 5030; x_wconf 92' lang='lat' dir='ltr'>domos</span> <span class='ocrx_word' id='word_1_176' title='bbox 3972 4948 4458 5059; x_wconf 88' lang='lat' dir='ltr'>magnificas</span> 
     </span>
     <span class='ocr_line' id='line_1_42' title="bbox 2689 5113 4457 5224; baseline 0.001 -30"><span class='ocrx_word' id='word_1_177' title='bbox 2689 5113 3184 5196; x_wconf 90' lang='lat' dir='ltr'>aedificabat</span> <span class='ocrx_word' id='word_1_178' title='bbox 3299 5113 4059 5224; x_wconf 84' lang='lat' dir='ltr'>bibliothecamque</span> <span class='ocrx_word' id='word_1_179' title='bbox 4166 5115 4457 5196; x_wconf 91' lang='lat' dir='ltr'>condi-</span> 
     </span>
     <span class='ocr_line' id='line_1_43' title="bbox 2691 5279 4456 5390; baseline 0 -30"><span class='ocrx_word' id='word_1_180' title='bbox 2691 5279 2809 5362; x_wconf 92' lang='lat' dir='ltr'>dit</span> <span class='ocrx_word' id='word_1_181' title='bbox 2891 5279 3371 5375; x_wconf 88' lang='lat' dir='ltr'>Corvinam,</span> <span class='ocrx_word' id='word_1_182' title='bbox 3466 5280 3700 5362; x_wconf 88' lang='lat' dir='ltr'>cuius</span> <span class='ocrx_word' id='word_1_183' title='bbox 3790 5279 4062 5390; x_wconf 93' lang='lat' dir='ltr'>gloria</span> <span class='ocrx_word' id='word_1_184' title='bbox 4143 5279 4456 5363; x_wconf 92' lang='lat' dir='ltr'>stabili-</span> 
     </span>
     <span class='ocr_line' id='line_1_44' title="bbox 2689 5446 4454 5557; baseline 0.002 -32"><span class='ocrx_word' id='word_1_185' title='bbox 2689 5456 2945 5527; x_wconf 93' lang='lat' dir='ltr'>tatem</span> <span class='ocrx_word' id='word_1_186' title='bbox 3051 5472 3335 5527; x_wconf 89' lang='lat' dir='ltr'>earum</span> <span class='ocrx_word' id='word_1_187' title='bbox 3443 5472 3752 5542; x_wconf 78' lang='lat' dir='ltr'>reruni,</span> <span class='ocrx_word' id='word_1_188' title='bbox 3860 5473 4070 5557; x_wconf 89' lang='lat' dir='ltr'>quas</span> <span class='ocrx_word' id='word_1_189' title='bbox 4180 5446 4260 5527; x_wconf 90' lang='lat' dir='ltr'>in</span> <span class='ocrx_word' id='word_1_190' title='bbox 4366 5473 4454 5528; x_wconf 93' lang='lat' dir='ltr'>re</span> 
     </span>
     <span class='ocr_line' id='line_1_45' title="bbox 2689 5609 4455 5722; baseline 0.002 -32"><span class='ocrx_word' id='word_1_191' title='bbox 2689 5609 3018 5718; x_wconf 91' lang='lat' dir='ltr'>publica</span> <span class='ocrx_word' id='word_1_192' title='bbox 3091 5611 3306 5693; x_wconf 93' lang='lat' dir='ltr'>bene</span> <span class='ocrx_word' id='word_1_193' title='bbox 3379 5625 3778 5722; x_wconf 90' lang='lat' dir='ltr'>gesserat,</span> <span class='ocrx_word' id='word_1_194' title='bbox 3861 5612 4118 5722; x_wconf 89' lang='lat' dir='ltr'>longe</span> <span class='ocrx_word' id='word_1_195' title='bbox 4199 5639 4455 5722; x_wconf 88' lang='lat' dir='ltr'>supe-</span> 
     </span>
     <span class='ocr_line' id='line_1_46' title="bbox 2689 5776 4454 5889; baseline 0.003 -33"><span class='ocrx_word' id='word_1_196' title='bbox 2689 5776 2920 5858; x_wconf 89' lang='lat' dir='ltr'>ravit.</span> <span class='ocrx_word' id='word_1_197' title='bbox 3049 5778 3367 5889; x_wconf 87' lang='lat' dir='ltr'>Magna</span> <span class='ocrx_word' id='word_1_198' title='bbox 3473 5791 3599 5861; x_wconf 94' lang='lat' dir='ltr'>est</span> <span class='ocrx_word' id='word_1_199' title='bbox 3697 5779 3938 5888; x_wconf 91' lang='lat' dir='ltr'>copia</span> <span class='ocrx_word' id='word_1_200' title='bbox 4042 5778 4454 5861; x_wconf 90' lang='lat' dir='ltr'>clarorum</span> 
     </span>
     <span class='ocr_line' id='line_1_47' title="bbox 2688 5940 4456 6055; baseline 0.004 -34"><span class='ocrx_word' id='word_1_201' title='bbox 2688 5940 3114 6039; x_wconf 89' lang='lat' dir='ltr'>librorum,</span> <span class='ocrx_word' id='word_1_202' title='bbox 3201 5944 3341 6053; x_wconf 89' lang='lat' dir='ltr'>qui</span> <span class='ocrx_word' id='word_1_203' title='bbox 3416 5972 3468 6025; x_wconf 93' lang='lat' dir='ltr'>a</span> <span class='ocrx_word' id='word_1_204' title='bbox 3540 5944 3915 6054; x_wconf 89' lang='lat' dir='ltr'>plurimis</span> <span class='ocrx_word' id='word_1_205' title='bbox 3999 5946 4456 6055; x_wconf 90' lang='lat' dir='ltr'>investiga-</span> 
     </span>
    </p>
   </div>
   <div class='ocr_carea' id='block_1_9' title="bbox 2687 6107 4458 6219">
    <p class='ocr_par' dir='ltr' id='par_1_10' title="bbox 2687 6107 4458 6219">
     <span class='ocr_line' id='line_1_48' title="bbox 2687 6107 4458 6219; baseline 0.002 -31"><span class='ocrx_word' id='word_1_206' title='bbox 2687 6107 3011 6190; x_wconf 92' lang='lat' dir='ltr'>toribus</span> <span class='ocrx_word' id='word_1_207' title='bbox 3093 6109 3654 6219; x_wconf 87' lang='lat' dir='ltr'>sagacissimis</span> <span class='ocrx_word' id='word_1_208' title='bbox 3736 6110 4178 6219; x_wconf 89' lang='lat' dir='ltr'>conscripti</span> <span class='ocrx_word' id='word_1_209' title='bbox 4263 6125 4458 6193; x_wconf 92' lang='lat' dir='ltr'>sunt</span> 
     </span>
    </p>
   </div>
   <div class='ocr_carea' id='block_1_10' title="bbox 4003 6297 4112 6327">
    <p class='ocr_par' dir='ltr' id='par_1_11' title="bbox 4003 6297 4112 6327">
     <span class='ocr_line' id='line_1_49' title="bbox 4003 6297 4112 6327; baseline -0.018 0"><span class='ocrx_word' id='word_1_210' title='bbox 4003 6297 4035 6327; x_wconf 57' lang='lat' dir='ltr'>R·</span> <span class='ocrx_word' id='word_1_211' title='bbox 4105 6317 4112 6325; x_wconf 87' lang='lat'><strong><em>.</em></strong></span> 
     </span>
    </p>
   </div>
  </div>
 </body>
</html>
