5559 7392
1137 975 1463 1055 tissimo
1529 973 1904 1054 voivoda
1978 972 2344 1052 Bosniae
2420 969 2896 1079 superioris,

1138 1139 1273 1221 vel
1351 1152 1441 1220 ut
1523 1138 1758 1219 aliter
1835 1137 2105 1218 dicam
2182 1136 2436 1246 partis
2513 1134 2901 1216 meridia-

1139 1333 1294 1386 nae
1402 1304 1710 1386 habuit.
1842 1303 2077 1383 Sicut
2193 1302 2415 1383 enirn
2524 1300 2901 1381 Hervoia

1135 1468 1833 1579 septentrionales
1917 1468 2127 1548 fines
2204 1465 2589 1562 obtinuit,
2680 1465 2900 1546 San-

1137 1635 1300 1717 dali
1382 1635 1831 1716 auctoritas
1908 1633 1987 1714 in
2067 1631 2516 1713 Albaniam
2610 1657 2899 1740 usque,

1137 1813 1228 1883 ut
1291 1800 1543 1882 hodie
1607 1800 2098 1910 appellatur,
2168 1797 2578 1906 pertinuit.
2679 1799 2904 1879 Inter

1137 1993 1355 2076 quos
1431 1992 1535 2046 ex
1607 1965 1944 2045 alternis
2020 1964 2293 2045 causis
2370 1962 2631 2043 modo
2697 1964 2902 2044 ami-

1138 2133 1323 2213 citia
1397 2129 1658 2211 modo
1734 2157 2039 2240 graves
2117 2128 2583 2210 inimicitiae
2652 2128 2902 2209 inter-

1137 2308 1592 2393 cesserunt,
1658 2321 2171 2404 quamquam
2229 2294 2715 2403 negandum
2778 2307 2908 2375 est

1139 2463 1348 2544 inter
1403 2462 1704 2543 ambos
1759 2487 2131 2569 unquam
2187 2460 2641 2567 perfectum
2698 2487 2902 2540 con-

2267 2626 2900 2706 unanimitatem

1138 2655 1484 2711 sensum
1613 2626 2142 2735 solidamque

1139 2795 1394 2876 fuisse
1480 2820 1756 2903 posse.
1884 2793 2106 2873 Nam
2202 2792 2578 2873 Hervoia
2668 2791 2902 2872 fortis

1137 2958 1499 3068 quidem,
1577 2957 1728 3039 sed
1799 2983 2047 3066 asper
2114 2983 2373 3066 eques
2437 2955 2606 3053 suit,
2685 2956 2905 3037 San-

1138 3124 1271 3206 dal
1355 3151 1564 3204 vero
1640 3123 1849 3203 levis
1934 3135 2394 3231 gratusque
2477 3122 2708 3219 baro,
2800 3123 2909 3204 ita

1138 3303 1229 3371 ut
1312 3290 1584 3371 dicere
1677 3289 1917 3370 liceat
2009 3289 2090 3369 in
2186 3315 2480 3369 eorum
2575 3288 2908 3370 diversa

1140 3456 1422 3538 indole
1528 3455 2183 3566 septentrionem
2287 3467 2368 3535 et
2476 3454 2905 3536 meridiem

1140 3624 1351 3704 inter
1439 3649 1531 3703 se
1623 3620 2084 3702 contrarios
2179 3621 2259 3701 in
2360 3647 2667 3728 corpus
2762 3647 2906 3702 co-

1138 3788 1468 3869 aluisse.
1565 3786 1740 3869 Sed
1815 3787 1921 3867 ad
1997 3813 2312 3867 annum
2395 3814 2648 3896 supra
2730 3815 2906 3869 me-

1139 3966 1557 4035 moratum
1639 3953 2015 4034 Hervoia
2086 3953 2264 4033 sine
2329 3953 2497 4035 ulla
2577 3953 2906 4034 dubita-

1141 4122 1367 4203 tione
1433 4120 1748 4202 maiore
1814 4121 2302 4201 auctoritate
2368 4120 2733 4202 eminuit.

1292 4287 1548 4366 Anno
1630 4286 1851 4388 1408
1927 4284 2068 4365 lux
2142 4283 2560 4393 quaedam
2636 4284 2906 4394 Sigis-

1143 4451 1462 4533 mundo
1547 4451 1626 4531 in
1712 4452 2059 4559 regione
2142 4419 2479 4532 australi
2554 4450 2906 4532 videba-

1141 4631 1273 4700 tur
1327 4617 1629 4697 oblata.
1701 4616 2104 4726 Neapolis
2159 4629 2241 4698 et
2296 4615 2661 4697 Hadriae
2717 4617 2906 4698 loco

1142 4783 1562 4865 Budensis
1628 4782 1855 4891 regia
1918 4810 2065 4863 arx
2131 4796 2380 4891 caput
2443 4783 2906 4892 principum

1144 4951 1224 5031 in
1293 4949 1779 5031 occidentali
1851 4950 2157 5029 Haemi
2225 4962 2459 5057 parte
2526 4948 2906 5031 habitan-

2156 5115 2265 5195 Et
2358 5115 2735 5196 Hervoia
2828 5128 2910 5196 et

1144 5281 1463 5362 Sandal
1550 5280 1856 5362 Dobor
1939 5279 2143 5361 urbe
2236 5281 2494 5361 atroci
2578 5306 2910 5390 oppug-

1141 5116 1348 5196 tium
1444 5115 1799 5197 electum
1892 5128 2038 5197 est.

1145 5447 1483 5528 natione
1549 5457 1791 5555 capta
1848 5446 1927 5526 in
1988 5472 2299 5527 nornen
2357 5446 2726 5527 iurarunt
2780 5473 2910 5526 re-

1141 5613 1272 5723 gis
1380 5612 1757 5711 omniurn
1863 5611 2220 5693 cladium
2315 5594 2588 5710 obliti,
2698 5639 2909 5721 quas

1144 5780 1550 5861 exercitus
1667 5790 1748 5860 et
1860 5777 2206 5859 consilia
2319 5776 2650 5887 publica
2763 5805 2911 5887 per

1144 5945 1618 6054 quindecim
1679 5971 1950 6026 annos
2018 5941 2688 6054 (1393—1408)
2756 5943 2910 6024 du-

1144 6112 1260 6191 cis
1336 6110 1856 6220 Spalatensis
1941 6108 2692 6224 machinationibus
2776 6135 2911 6188 ac-

3115 979 3524 1076 ceperant.
3596 966 4217 1076 Sigismundus,
4278 966 4417 1075 qui
4478 992 4621 1047 rex
4676 966 4880 1047 alias

3115 1132 3327 1214 duro
3393 1132 3675 1212 animo
3744 1159 3931 1214 esse
3995 1131 4343 1228 solebat,
4416 1132 4879 1213 Hervoiam

3115 1298 3716 1408 benignissime
3827 1298 4164 1407 recepit,
4274 1298 4412 1406 qui
4517 1296 4879 1379 Ladislai

3116 1476 3394 1573 partes
3526 1463 3793 1572 capite
3919 1462 4354 1545 destitutas
4491 1462 4877 1559 deseruit,

3117 1630 3461 1739 ipseque
3516 1628 3847 1710 Budam
3902 1628 4349 1710 contendit.
4420 1628 4606 1710 Rex
4660 1629 4880 1709 Her-

3116 1797 3399 1877 voiam
3487 1796 3785 1877 ducem
3873 1795 4156 1904 gratiis
4247 1795 4881 1903 honoribusque

3112 1963 3563 2045 cumulavit
3603 1963 3842 2072 eique
3890 1961 4207 2070 Spalati
4253 1960 4882 2071 possessionem

3118 2157 3308 2211 cum
3392 2128 3695 2210 ducatu
3779 2128 4303 2209 confirmavit
4384 2154 4482 2208 ac
4575 2153 4880 2236 „quam

3117 2295 3354 2404 plura
3403 2296 3698 2375 Castra
3744 2306 3826 2374 et
3869 2293 4462 2402 possessiones
4507 2305 4881 2374 nostram

3117 2461 3197 2541 in
3265 2460 3600 2571 signum
3677 2439 3993 2540 sincere
4067 2458 4532 2540 dilectionis
4606 2458 4882 2566 ipsum

3115 2625 3195 2707 in
3272 2625 3816 2734 Compatrem
3899 2636 4279 2706 nostrum
4365 2623 4882 2706 assumendo

3117 2792 3271 2874 sibi
3336 2819 3489 2901 pro
3556 2791 3951 2900 singulari
4027 2790 4373 2887 honore,
4451 2789 4881 2898 quoddam

3119 2957 3595 3040 clenodium
3701 2957 4014 3039 scilicet
4117 2956 4454 3066 signum
4556 2956 4882 3036 Draco-

3120 3124 3268 3219 nis,
3334 3123 3565 3233 quod
3630 3149 3787 3203 nos
3851 3149 4021 3203 una
4076 3148 4265 3203 cum
4325 3120 4886 3202 Serenissima

3119 3290 3499 3399 Principe
3617 3289 3991 3370 Domina
4106 3288 4479 3370 Barbara
4594 3286 4886 3397 regina

3122 3456 3610 3566 Hungariae
3735 3468 3884 3537 etc.
4012 3453 4473 3536 conthorali
4599 3464 4884 3534 nostra

3120 3622 3547 3703 carissima
3652 3634 3735 3703 et
3849 3620 4486 3730 quampluribus
4595 3617 4882 3700 mundi

3122 3787 3629 3897 principibus
3706 3799 4352 3895 nostrorumque
4426 3810 4882 3895 regnorum

3121 3952 3578 4034 baronibus
3633 3951 4054 4033 nobilibus
4107 3951 4539 4060 praefectis
4592 3950 4672 4031 in
4725 3950 4887 4059 sig-

3122 4144 3321 4199 num
3389 4116 3987 4199 indissolubilis
4061 4116 4482 4198 societatis
4551 4127 4883 4226 gestare

3120 4284 3498 4365 solemne
3594 4283 4100 4365 duxeramus
4201 4281 4882 4363 conferendum“.

3270 4421 3274 4425 ’
3742 4510 3752 4519 .
3797 4514 3847 4533 ,
3923 4448 4075 4556 (cr.
4117 4449 4426 4529 Lucius
4467 4475 4601 4557 op.
4644 4447 4883 4529 cit.v.

3349 4583 3354 4596 '
3452 4585 3479 4605 “’
3677 4593 3702 4609 ’
3807 4640 3990 4723 pag.
4053 4614 4223 4695 268
4301 4613 4381 4693 in
4459 4611 4681 4722 Dipl.
4751 4612 4885 4694 si-

3382 4750 3428 4823 ⁵²
3485 4749 3585 4876 ἶ,
3803 4778 4228 4885 gismundi
4315 4779 4508 4888 imp.
4590 4791 4671 4860 et
4756 4805 4886 4858 re-

3636 4956 3720 5042 ιί”;
3803 4945 3955 5049 ;.,·;·ἰ5,
4007 4945 4085 5025 in
4133 4944 4499 5025 Pulsano
4544 4972 4614 5025 a.
4663 4945 4886 5049 1413

3564 5116 3575 5140 2
3811 5109 4080 5219 datis.)
4151 5110 4393 5216 Quae
4441 5109 4708 5191 laudis
4767 5110 4920 5209 in<

3438 5250 3469 5376 ‚²
3585 5339 3593 5356 .
3696 5264 3699 5279 '
3811 5276 4077 5386 signia
4157 5274 4311 5356 sibi
4398 5302 4502 5355 eo
4596 5274 4886 5355 maiori

3815 5442 4106 5523 honori
4216 5468 4403 5523 esse
4513 5440 4890 5521 Hervoia

3811 5607 4146 5689 duxisse
4243 5606 4600 5703 videtur,
4699 5632 4888 5686 cum

3811 5773 4051 5854 huius
4148 5772 4534 5853 draconis
4632 5770 4890 5880 insig-

3815 5938 3938 6018 nis
4040 5950 4368 6047 praeter
4465 5963 4712 6045 reges
4812 5947 4893 6017 et

3815 6103 4383 6184 nobilissimos
4474 6101 4889 6211 principes
