5559 7392
2736 667 3249 733 -70-

1280 914 1654 996 Hervoia
1696 911 1890 996 'erat
1941 913 2155 994 filius
2200 912 2552 994 Vukacii
2611 913 2887 993 Hrva—

1123 1081 1337 1178 tinio,
1405 1081 1544 1190 qui
1606 1079 2125 1190 temporibus
2180 1079 2641 1159 Bosnensis
2693 1077 2887 1159 bani

1125 1246 1644 1342 TuertconiS,
1711 1246 1850 1355 qui
1905 1245 2125 1326 idem
2179 1257 2476 1354 postea
2526 1271 2669 1325 rex
2722 1243 2889 1324 fac-

1123 1426 1258 1495 tus
1354 1425 1500 1508 est,
1601 1438 1910 1521 magna
2004 1397 2490 1492 auctoritate
2585 1409 2890 1491 nobilis

1124 1577 1545 1659 voivodae
1610 1577 2058 1688 plurimum
2125 1576 2205 1657 in
2265 1576 2592 1657 civitate
2658 1575 2888 1656 vale-

1123 1743 1286 1825 bat.
1425 1745 1708 1852 Atque
1813 1755 2127 1824 certum
2233 1755 2359 1823 est
2457 1754 2888 1823 auctorem

1123 1909 1368 1991 huius
1450 1903 1807 1990 familiae
1887 1909 2241 1990 Hrvatin
2325 1908 2888 2018 propinquum

1123 2075 1376 2158 fuisse
1432 2075 2011 2157 Croaticoru-rn
2067 2074 2480 2156 banorum
2537 2086 2618 2155 et
2670 2073 2888 2154 Bos-

1126 2240 1309 2322 niae
1393 2241 1959 2322 Dominorum
2050 2240 2283 2321 Pauli
2377 2253 2459 2321 et
2542 2239 2888 2320 Mladen
2997 2255 3000 2258 ’

1126 2433 1229 2487 ex
1301 2406 1842 2516 generatione
1915 2406 2175 2488 Subic
2247 2405 2659 2515 originem
2735 2404 2889 2486 du-

1124 2573 1508 2670 centium,
1595 2573 1734 2682 qui
1817 2573 2154 2655 saeculo
2238 2572 2564 2655 decimo
2644 2571 2888 2653 tertio

1122 2751 1478 2820 exeunte
1561 2738 1963 2820 Bosniam
2048 2738 2648 2820 occidentalem
2735 2738 2888 2818 im-

1123 2905 1354 3014 perio
1419 2905 1836 2987 tenebant.
1924 2904 2045 3015 (In
2112 2904 2490 3014 originali
2560 2953 2667 2962 —
2739 2903 2887 2984 da-

1121 3084 1299 3152 tum
1384 3070 1869 3152 Scardonae
1960 3070 2093 3152 die
2177 3083 2479 3152 octavo
2573 3069 2888 3151 mensis

1123 3236 1505 3320 februarii
1568 3265 1793 3318 anno
1854 3240 2076 3342 1305
2137 3285 2244 3294 —
2303 3263 2521 3317 nunc
2575 3236 2655 3317 in
2712 3236 2887 3317 col-

1123 3403 1476 3485 lectione
1574 3416 1859 3484 nostra
1954 3415 2480 3500 conservatO,
2574 3402 2889 3484 Paulus

1124 3571 1407 3652 Banus
1492 3570 1995 3650 Croatorum
2089 3581 2170 3650 et
2258 3568 2513 3651 totius
2604 3569 2889 3650 Bosne

1124 3736 1521 3818 dominus
1586 3763 1753 3817 una
1818 3763 2007 3817 cum
2065 3735 2249 3817 filiis
2304 3735 2685 3817 Mladino
2740 3735 2889 3816 ba-

1125 3930 1234 3983 no
1282 3902 1749 3999 Bosniensi,
1798 3903 2195 4012 Georgio‚
2241 3902 2507 3983 Paulo
2554 3916 2636 3985 et
2679 3903 2889 3985 Gre-

1122 4069 1397 4179 gori0‚
1483 4069 1878 4150 comitem
1973 4069 2465 4166 „comitatus
2555 4068 2888 4150 inferio-

1123 4262 1305 4316 rum
1345 4235 1700 4344 partium
1738 4237 2064 4316 Bosne“
2110 4234 2617 4316 Hrvatinum
2664 4259 2888 4343 cog-

1123 4412 1446 4481 natum
1501 4427 1689 4482 esse
1741 4398 2218 4510 appellant.)
2305 4400 2471 4508 Qui
2528 4400 2887 4483 Hrvatin

1124 4566 1204 4646 in
1288 4565 1660 4676 partibus
1744 4593 1958 4675 quae
2034 4566 2416 4648 dicuntur
2489 4566 2889 4649 inferiori-

1124 4732 1282 4813 bus
1338 4733 1701 4814 Bosniae
1766 4734 2427 4843 praepollentem
2494 4733 2887 4815 familiam

1122 4897 1512 4995 condidit,
1581 4926 1683 4980 ex
1750 4927 1914 5008 qua
1981 4900 2356 4981 Hervoia
2421 4913 2547 4982 est
2608 4900 2889 4981 oriun-

1124 5064 1301 5146 dus.

1268 5231 1540 5313 Annis
1584 5232 1776 5314 inde
1820 5261 1871 5314 a
1922 5234 2144 5314 1386
2190 5260 2457 5343 usque
2501 5234 2608 5315 ad
2664 5235 2886 5339 1416

1123 5397 1500 5479 Hervoia
1575 5399 1652 5478 in
1721 5399 1948 5479 omni
2015 5398 2341 5481 action'e
2413 5413 2664 5509 atque
2736 5400 2886 5481 ad-

1124 5563 1724 5645 ministratione
1849 5565 1963 5646 rei
2086 5564 2469 5673 publicae
2583 5566 2881 5648 floruit.

1122 5731 1345 5812 Nam
1401 5731 1559 5812 sub
1603 5759 1803 5842 rege
1848 5733 2325 5813 Tuertcone
2370 5744 2711 5841 potente
2759 5731 2882 5812 in-

1123 5896 1499 5979 stitutum
1575 5911 1769 6007 post
1834 5897 2012 5979 eius
2088 5911 2444 5979 mortem
2511 5897 2883 5979 ministe—

1124 6063 1245 6144 rio
1287 6062 1624 6146 maioris
1672 6062 1978 6144 domus
2025 6062 2625 6145 imbecillorum
2672 6065 2882 6144 Bos-

3105 915 3288 996 niae
3348 941 3642 1025 regum
3706 915 4196 1025 fungentem
4250 916 4659 1013 videmus,
4728 917 4867 1027 qui

3102 1083 3371 1193 magis
3456 1110 3649 1180 su0,
3744 1109 3997 1191 quam
4091 1081 4628 1164 dominorum
4715 1109 4868 1163 no-

3102 1250 3323 1331 mine
3397 1248 3845 1358 plurimum
3924 1248 4231 1358 agebat
4311 1261 4392 1330 et
4463 1248 4869 1357 aliquam-

3102 1416 3243 1497 diu
3336 1441 3634 1496 omnes
3725 1414 4067 1524 regulos
4151 1413 4636 1495 Bosnenses
4726 1442 4867 1496 su-

3102 1581 3466 1690 perabat.
3541 1582 3801 1663 Cuius
3855 1594 4231 1690 potestas
4294 1607 4395 1661 ex
4452 1580 4589 1662 illa
4651 1581 4867 1689 peri-

3102 1748 3392 1829 culosa
3458 1774 3731 1830 rerum
3799 1746 4351 1828 conversione
4409 1760 4653 1829 enata
4718 1760 4865 1845 est,

3102 1942 3319 2024 quae
3384 1914 3464 1995 in
3510 1899 3892 2011 '.Croatia,
3969 1912 4283 1994 Bosnia
4347 1912 4696 2021 aliisque
4760 1912 4867 1994 ad

3103 2079 3533 2162 meridiem
3601 2077 4170 2189 spectantibus
4226 2077 4463 2159 terris
4530 2090 4866 2159 mortuo

3105 2246 3542 2328 Ludovico
3627 2247 3682 2326 Ι.
3772 2272 3995 2325 anno
4089 2245 4307 2325 1382
4402 2242 4709 2326 exstitit
4788 2257 4870 2326 et

3102 2439 3369 2522 usque
3435 2411 3542 2492 ad
3607 2438 3921 2493 annum
4003 2410 4226 2514 1408
4293 2410 4767 2519 permansit.

3254 2579 3372 2661 Ut
3446 2577 3820 2687 diploma
3895 2574 4255 2657 Ladislai
4341 2574 4562 2684 regis
4639 2575 4867 2655 Nea-

3101 2745 3444 2855 politani
3520 2744 3625 2825 de
3698 2743 3895 2824 dato
3964 2740 4260 2823 decimi
4335 2739 4663 2849 septimi
4731 2740 4865 2821 Iu-

3103 2911 3180 3022 lii
3256 2910 3450 2991 anni
3530 2912 3739 3014 1391
3823 2958 3930 2967 —
4008 2906 4329 3017 registri
4405 2904 4866 3015 Angiovini

3102 3103 3323 3158 num.
3393 3077 3589 3172 362,
3675 3074 3923 3155 Arch.
3990 3072 4346 3181 Neapol.
4418 3120 4522 3128 —
4615 3083 4868 3152 testa-

3100 3256 3252 3338 tur,
3353 3241 3742 3323 Chervoe
3825 3267 4015 3321 cum
4099 3239 4342 3319 fratre
4415 3235 4617 3317 Vuk
4703 3236 4865 3317 iam

3104 3407 3384 3489 Caroli
3452 3405 3809 3488 Durazzi
3884 3417 4342 3486 assectator
4412 3402 4560 3484 suit
4625 3402 4866 3511 eique

3099 3573 3601 3684 gravissima
3705 3571 3973 3653 officia
4085 3569 4505 3680 praestitit.
4648 3569 4865 3650 Cum

3100 3767 3324 3821 anno
3386 3741 3604 3844 1392
3674 3739 4032 3819 Ioannes
4101 3735 4546 3842 Horvathy
4608 3760 4868 3843 gene-

3102 3905 3293 3985 ralis
3368 3903 3722 3985 vicarius
3798 3901 4161 3983 Ladislai
4236 3899 4613 3982 nondum
4689 3925 4866 3979 ma-

3100 4072 3256 4154 turi
3312 4070 3660 4180 imperio
3724 4069 3862 4150 filii
3927 4066 4319 4149 interfecti
4370 4064 4646 4147 Caroli
4700 4064 4867 4146 sac-

3100 4252 3234 4320 tus
3301 4237 3614 4320 bellum
3669 4235 4009 4316 nomine
4064 4233 4319 4315 virilis
4373 4258 4625 4314 sexus
4681 4230 4865 4313 stir-

3102 4404 3229 4513 pis
3303 4402 3840 4514 Angiovinae
3914 4411 4204 4481 contra
4277 4399 4449 4480 iure
4532 4395 4865 4507 publico

3102 4569 3524 4679 legitimos
3599 4595 3702 4649 ex
3775 4566 4171 4649 feminino
4247 4592 4453 4646 sexu
4519 4563 4867 4644 descen-

3101 4737 3394 4818 dentes
3487 4747 3833 4846 gereret,
3931 4731 4392 4813 voivodam
4481 4731 4864 4812 Bosnen-

3101 4929 3281 4983 sem
3342 4900 3826 4995 Hervoiam,
3884 4898 4197 4980 banum
4254 4896 4728 4979 Dalmatiae
4785 4907 4869 4977 et

3102 5066 3512 5163 Croatiae,
3551 5053 3732 5175 'pro
3799 5065 3977 5147 eius
4053 5063 4425 5173 partibus
4503 5074 4864 5143 stantem

3099 5232 3579 5342 reperimus.

3252 5398 3446 5505 Qua
3529 5396 3852 5506 epocha
3935 5396 4220 5505 legum
4295 5394 4648 5477 vinculis
4722 5422 4866 5476 ex—

3098 5563 3373 5646 soluta
3437 5590 3602 5644 una
3667 5561 3909 5643 factio
3976 5561 4321 5642 alteram
4380 5523 4864 5641 seditiosam

3097 5743 3178 5811 et
3281 5728 3822 5810 rebellantem
3928 5726 4304 5836 putabat,
4415 5726 4866 5835 omniaque

3097 5908 3332 5978 erant
3404 5893 3832 6004 permissa.
3945 5892 4101 5974 Cui
4185 5893 4298 5975 rei
4380 5891 4865 5973 testimonio

3096 6077 3222 6145 est
3303 6063 3613 6158 charta,
3713 6061 3791 6141 in
3876 6088 4042 6170 qua
4122 6088 4172 6141 a
4255 6058 4651 6140 Ladislao
4739 6057 4862 6165 (cf.
