5559 7392
693 947 1204 1030 Dalmatiam
1270 946 1958 1028 commemoratio
2032 945 2251 1027 beati
2318 947 2450 1026 Io-

692 1112 960 1209 annis,
1057 1112 1425 1222 episcopi
1509 1111 2125 1222 Traguriensis,
2218 1111 2452 1193 cuius

695 1304 1004 1359 nomen
1088 1278 1168 1359 in
1244 1277 1841 1359 Kalendarium
1916 1278 2223 1360 codicis
2293 1277 2453 1359 sub

693 1442 1020 1524 decimo
1115 1456 1410 1552 quarto
1494 1444 2010 1525 Novembris
2100 1442 2451 1525 relatum

693 1621 840 1704 est,
889 1620 1227 1717 spectat.
1307 1608 1761 1718 RespiciaS,
1811 1635 2151 1719 quaeSO,
2203 1609 2451 1690 etiam

693 1772 913 1855 beati
1008 1773 1389 1871 Domnii‚
1484 1774 1621 1884 qui
1714 1774 2150 1883 apostolus
2246 1773 2454 1855 Dal-

695 1939 995 2021 matiae
1069 1938 1554 2049 appellatur,
1632 1939 2015 2037 officium,
2094 1940 2172 2020 in
2247 1941 2454 2021 Pro-

692 2105 872 2214 prio
914 2081 1418 2187 Sanctorum
1458 2104 1565 2186 ad
1607 2105 2057 2215 septimum
2094 2106 2266 2188 Mai
2305 2107 2454 2188 ad-

693 2282 1104 2368 notatum,
1188 2270 1328 2351 ubi
1405 2270 1654 2352 etiam
1727 2270 2010 2381 imago
2082 2271 2454 2354 eiusdem

693 2435 975 2517 Sancti
1048 2435 1377 2546 depicta
1448 2449 1593 2518 est.
1687 2435 2149 2517 Ecclesiam
2224 2436 2454 2518 deni-

692 2628 855 2712 que
948 2601 1246 2710 ipsam,
1349 2601 1583 2683 cuius
1675 2601 1755 2683 in
1846 2629 2093 2683 usum
2185 2602 2454 2683 codex

693 2767 1045 2876 scriptus
1122 2779 1322 2863 erat,
1400 2779 1690 2848 sancto
1765 2766 2152 2848 Michaeli
2217 2766 2453 2849 arch-

692 2931 1003 3042 angelo
1059 2931 1526 3013 dedicatam
1588 2931 1842 3013 fuisse
1906 2932 2489 3013 coniectando·

691 3124 1119 3208 assequor.
1215 3098 1306 3178 In
1371 3097 1674 3179 eodem
1738 3097 1959 3178 enirn
2024 3097 2245 3195 folio,
2311 3098 2453 3179 ubi

694 3264 1073 3345 Hervoia
1119 3263 1199 3344 in
1244 3290 1465 3373 equo
1518 3262 1826 3345 sedens
1878 3262 2255 3372 depictus
2303 3276 2451 3361 est,

692 3430 843 3512 sed
908 3428 1217 3539 pagina
1280 3429 1577 3540 priore,
1657 3429 1903 3510 etiam
1970 3429 2228 3511 sancti
2295 3429 2455 3510 Mi-

693 3595 1001 3678 chaelis
1042 3594 1516 3706 archangeli
1564 3594 1845 3705 imago
1887 3621 2152 3704 eaque
2194 3596 2459 3677 maior

693 3761 958 3843 solitis
1022 3761 1266 3842 huius
1327 3759 1635 3841 codicis
1703 3760 2041 3870 picturis
2101 3762 2458 3843 cernitur

693 3922 804 4038 (v.
853 3926 987 4036 fig.
1039 3922 1209 4036 39),
1286 3926 1520 4007 cuius
1584 3926 1985 4035 proximis
2058 3953 2271 4036 quae
2347 3926 2456 4009 ibi

695 4091 1084 4203 leguntur
1146 4089 1426 4172 verbis
1501 4089 1728 4171 nulla
1799 4090 2007 4172 ratio
2082 4091 2453 4173 habetur.

656 4259 996 4368 ·Neque
1076 4256 1298 4341 enim
1373 4256 1681 4338 ibidem
1758 4256 2120 4338 officium
2198 4258 2458 4338 sancti

694 4421 1124 4504 Michaelis
1185 4449 1458 4532 neque
1517 4422 1772 4504 missa
1836 4436 1977 4505 aut
2040 4421 2460 4532 quaelibet

692 4590 850 4670 alia
930 4589 1305 4671 eiusdem
1385 4590 1669 4672 Sancti
1753 4617 2006 4672 causa
2082 4590 2454 4673 affertur:

692 4755 899 4837 haec
950 4755 1236 4836 omnio
1304 4755 1464 4836 iam
1524 4782 1795 4865 supra,
1862 4757 1941 4837 in
2005 4756 2205 4839 folio
2269 4757 2453 4859 184,

692 4920 1077 5002 absoluta
1130 4933 1343 5018 sunt,
1405 4920 1545 5001 ubi
1601 4922 2023 5003 orationes
2075 4934 2455 5003 sanctum

694 5085 1190 5168 Michaelem
1248 5086 1783 5196 respicientes
1846 5086 2147 5169 dantur
2206 5100 2455 5197 atque

692 5252 1244 5362 archangelus
1268 5252 1444 5362 ipse
1467 5253 1784 5362 pictura
1808 5252 2102 5335 solitae
2130 5253 2455 5362 magni-

692 5418 999 5500 tudinis
1075 5391 1533 5528 insignitur.
1624 5418 1851 5524 Quin
1930 5418 2178 5500 etiam
2255 5418 2455 5499 folio

694 5584 831 5682 61,
898 5583 1006 5664 ad
1073 5582 1296 5664 diem
1362 5596 1756 5665 octavum
1822 5584 2016 5681 Mai,
2086 5611 2255 5695 quo
2323 5585 2454 5666 die

693 5749 1132 5859 Apparitio
1210 5750 1643 5832 Michaelis
1724 5765 2452 5849 commemoratur,

693 5913 951 5995 altera
994 5914 1372 5996 eiusdem
1416 5916 1700 5998 Sancti
1746 5916 2029 6025 imago
2075 5915 2457 6026 deposita

696 6092 841 6161 est.
921 6079 1145 6186 Quid
1184 6079 1392 6161 haec
1426 6081 1714 6163 iterata
1749 6080 2130 6163 eiusdem
2170 6081 2454 6163 Sancti

2663 944 3047 1055 depicti0‚
3096 969 3361 1053 eaque
3404 942 3646 1024 tertio
3687 941 3875 1024 loco
3921 971 4183 1054 prope
4221 945 4424 1027 ima-

2662 1111 2950 1221 ginem
3025 1110 3257 1191 ducis
3323 1109 3617 1218 posita,
3694 1108 3834 1191 ubi
3911 1109 4159 1191 etiam
4226 1110 4424 1192 soli-

2662 1291 2840 1359 tum
2895 1276 3244 1357 modum
3305 1275 3925 1386 transgreditur,
3989 1275 4144 1357 sibi
4200 1275 4421 1370 velit,

2664 1443 3077 1553 quaeres?
3167 1442 3497 1549 Quodsi
3554 1440 4027 1522 coniectura
4077 1468 4254 1522 rem
4302 1441 4426 1523 di-

2665 1608 3024 1689 iudicare
3109 1608 3325 1706 licet,
3418 1606 3810 1716 equidem
3893 1607 4209 1687 maiore
4293 1606 4427 1688 illa

2665 1773 2745 1855 in
2812 1773 2977 1854 fine
3042 1773 3349 1854 codicis
3416 1772 3690 1882 posita
3743 1772 4107 1879 imagine
4164 1772 4425 1854 sancti

2667 1937 3097 2020 Michaelis
3174 1938 3647 2048 archangeli
3730 1938 4260 2035 ecclesiam,
4337 1938 4426 2017 in

2664 2103 2932 2185 cuius
3014 2103 3478 2185 honorem
3556 2117 3841 2213 atque
3921 2130 4196 2186 usum
4276 2129 4426 2184 co-

2667 2270 2848 2351 dex
2917 2270 3331 2379 scriptus
3402 2283 3635 2366 erat,
3714 2269 4111 2351 indicari
4183 2268 4426 2350 arbi-

2666 2452 2887 2520 tror.

2818 2603 3380 2685 Ecclesiarum
3427 2616 3718 2684 sancto
3766 2601 4152 2683 Michaeli
4194 2602 4427 2683 arch-

2664 2769 2973 2880 angelo
3014 2770 3581 2852 dedicatarum
3623 2795 3982 2878 magnus
4022 2794 4226 2849 sane
4271 2795 4424 2849 nu-

2667 2962 2948 3017 merus
2995 2936 3075 3016 in
3123 2935 3549 3018 Dalmatia
3600 2947 3889 3031 exstat,
3947 2959 4243 3014 verum
4299 2932 4429 3013 hic

2669 3129 2839 3183 non
2907 3101 3062 3182 nisi
3129 3128 3417 3182 earum
3483 3100 3692 3182 ratio
3752 3098 4136 3181 habenda
4190 3098 4426 3179 vide-

2667 3280 2800 3348 tur
2855 3294 3066 3365 esse,
3136 3293 3353 3377 quae
3410 3267 3490 3347 in
3550 3266 3880 3376 oppidis
3941 3277 4084 3346 a-ut
4133 3264 4420 3346 castris

2670 3432 3097 3514 Hervoiae
3148 3432 3335 3514 duci
3379 3430 3732 3514 subditis
3777 3429 4423 3540 reperiebantur.

2668 3600 2759 3679 In
2810 3625 3170 3708 quorum
3219 3623 3571 3679 numero
3621 3596 3841 3677 haud
3892 3596 4065 3677 scio
4110 3622 4216 3676 an
4263 3595 4425 3705 pri-

2670 3791 2900 3846 mum
2964 3763 3242 3845 locum
3304 3774 3665 3845 castrum
3718 3761 4145 3843 Almissa
4206 3759 4426 3842 obti-

2670 3944 2884 4029 neat,
2954 3929 3093 4012 ubi
3162 3928 3512 4010 ecclesia
3578 3955 3641 4009 s,
3699 3926 4135 4008 Michaelis
4191 3924 4426 4006 arch-

2668 4096 2947 4207 angeli
3001 4095 3275 4177 adhuc
3325 4094 3704 4177 cernitur.
3814 4091 4425 4203 Glagolitarum

2669 4288 3009 4372 quoque
3040 4288 3210 4342 rem
3242 4260 3719 4343 litterariam
3751 4258 4059 4340 ibidem
4091 4283 4427 4366 semper

2668 4427 3042 4537 viguisse
3096 4439 3442 4509 constat.
3562 4426 3953 4508 Castrum
4002 4423 4204 4505 illud
4259 4422 4422 4503 iam

2668 4606 2861 4675 ante
2923 4620 3236 4674 annum
3301 4612 3545 4678 MCDI
3606 4592 3686 4672 in
3752 4590 4139 4672 manibus
4204 4591 4421 4669 Her-

2667 4759 2913 4840 voiae
2950 4758 3227 4856 fuisse,
3264 4758 3776 4839 documento
3816 4752 4185 4865 quodam
4217 4753 4422 4835 tomi

2669 4923 2935 5033 quarti
3007 4925 3754 5005 Monumentorum
3817 4920 4422 5015 historicorum,

2668 5090 2773 5171 ad
2834 5088 3144 5171 Slavos
3206 5087 3795 5170 meridionales
3847 5085 4420 5195 spectantium,

2667 5256 2977 5365 pagina
3026 5275 3184 5360 451
3254 5254 3478 5337 edito
3528 5254 4166 5335 demonstratur.
4250 5248 4422 5331 Sed

2667 5419 2829 5501 sub
2890 5419 3138 5501 finem
3201 5419 3441 5515 vitae,
3505 5445 3729 5500 anno
3793 5437 4176 5512 MCDXV,
4254 5415 4423 5497 dux

2993 5583 3485 5667 necessitate
3586 5597 3957 5679 coactUS‚
4059 5595 4421 5663 castrum

2669 5612 2879 5696 ipse,

2669 5777 2917 5832 suum
3021 5749 3438 5859 praesidio
3546 5747 4041 5858 reipublicae
4137 5747 4423 5826 Vene-

2668 5928 2802 5997 tae
2869 5916 3537 6011 commendabat,
3624 5913 3703 5996 id
3776 5913 4005 6024 quod
4078 5940 4181 5992 ex
4256 5910 4419 5991 alio

2670 6082 3047 6165 eiusdem
3131 6082 3336 6163 tomi
3411 6080 3921 6162 documento
3996 6105 4185 6188 pag.
4251 6101 4421 6158 zoo

3949 6230 4010 6279 1⁸2·
