5559 7392
2311 702 2822 770 -35-

702 946 922 1028 enirn
988 944 1121 1026 fol.
1185 946 1428 1026 163a
1491 971 1758 1054 usque
1822 943 1929 1026 ad
1994 944 2128 1025 fol.
2192 967 2349 1051 172
2384 944 2460 1042 d,

700 1139 908 1222 quas
946 1111 1251 1193 ibidem
1289 1137 1459 1192 uno
1490 1124 1802 1208 tenore,
1837 1140 1887 1192 a
1920 1110 2120 1193 folio
2161 1138 2461 1221 nempe

716 1280 876 1385 173
912 1306 963 1359 a
1025 1305 1294 1388 usque
1350 1277 1456 1359 ad
1524 1277 1658 1358 fol.
1723 1279 1885 1359 180
1918 1306 1988 1371 a,
2057 1277 2265 1359 aliae
2323 1304 2464 1359 ex-

701 1445 1040 1555 cipiunt,
1126 1471 1480 1554 quarum
1564 1471 1751 1541 n05,
1840 1444 2084 1526 huius
2159 1442 2465 1526 codicis

702 1611 1080 1693 ordinem
1148 1611 1437 1708 secuti,
1515 1610 1595 1691 in
1660 1623 2159 1721 argumento
2226 1609 2467 1691 folio-

704 1803 885 1857 rum
952 1776 1437 1858 211-216
1513 1776 2025 1857 mentionem
2100 1775 2464 1857 fecimus

855 1942 1226 2023 Demum
1320 1941 1742 2023 orationes
1836 1954 2085 2050 atque
2175 1940 2465 2038 officia,

706 2127 921 2209 quae
997 2111 1287 2180 nostro
1363 2098 1443 2179 in
1518 2097 1806 2180 codice
1873 2126 2179 2210 agmen
2245 2099 2467 2181 clau-

706 2264 943 2362 dunt,
1040 2264 1288 2346 etiam
1377 2264 1457 2345 in
1541 2264 1852 2346 missali
1939 2264 2303 2348 Novakii
2389 2266 2468 2346 in

705 2430 868 2512 fine
933 2429 1244 2511 codicis
1309 2429 1719 2539 leguntur,
1794 2429 1935 2511 ubi
2001 2430 2300 2512 missas
2364 2431 2470 2513 de

705 2595 1129 2677 communi
1204 2595 1709 2678 Sanctorum
1792 2596 2272 2706 excipiunt,
2325 2624 2470 2679 ne-

708 2790 871 2872 que
946 2789 1134 2843 cum
1211 2763 1517 2844 nostris
1591 2762 1899 2873 ubique
1972 2776 2468 2874 congruunt.

706 2929 798 3009 In
898 2941 1253 3038 utroque
1359 2929 1578 3010 enirn
1684 2928 1970 3010 codice
2072 2929 2233 3011 alia
2326 2929 2471 3011 de-

707 3107 931 3191 sunt,
1016 3093 1176 3175 alia
1246 3122 1473 3176 nova
1543 3094 1863 3176 dantur.
1974 3094 2472 3177 Orationum

707 3259 811 3342 de
904 3260 1353 3342 tondendis
1449 3260 1794 3371 capillis,
1888 3288 2098 3370 quas
2190 3274 2475 3343 noster

708 3425 842 3506 fol.
912 3424 1584 3529 233d—234b
1674 3426 2046 3536 praebet,
2140 3428 2474 3511 missale

710 3591 1076 3673 Novakii
1160 3591 1477 3673 nullum
1562 3619 1809 3673 usum
1892 3591 2097 3674 fecit.
2195 3594 2473 3676 Etiam

710 3758 966 3838 missa
1027 3757 1109 3837 in
1172 3756 1581 3840 honorem
1637 3758 2064 3841 Passionis
2127 3760 2473 3842 Domini

711 3923 791 4004 in
867 3922 1078 4004 libro
1146 3923 1510 4004 Novakii
1576 3924 1843 4021 abest,
1921 3923 2071 4006 sed
2147 3924 2227 4004 in
2302 3924 2475 4006 edi·

710 4088 937 4170 tione
1004 4089 1196 4168 anni
1269 4090 1490 4192 1483
1558 4089 1994 4171 revertitur
2057 4117 2222 4170 una
2286 4116 2476 4170 cum

713 4252 1133 4334 nonnullis
1223 4253 1401 4334 aliis
1491 4253 2029 4336 orationibus,
2162 4255 2479 4337 Contra

714 4419 1047 4501 missale
1123 4419 1487 4501 Novakii
1564 4420 1698 4501 fol.
1764 4420 1936 4524 264
2010 4421 2475 4503 orationem

2674 943 2780 1025 ad
2856 943 3522 1026 benedictionem
3598 943 4114 1053 leguminum
4181 944 4437 1039 affert,

2676 1135 2929 1218 quarn
3004 1108 3085 1190 in
3161 1109 3444 1191 codice
3519 1109 3944 1191 Hervoiae
4019 1136 4186 1190 non
4256 1135 4440 1218 rep-

2677 1275 2870 1383 peri.
2981 1273 3456 1356 Inscribitur
3534 1275 3698 1356 sic:
3782 1260 4054 1355 MJffrna
4137 1262 4434 1355 Offinrrn

2674 1438 3095 1545 Bapaal-›oy
3140 1418 3565 1522 11'0011111201
3632 1441 3923 1523 Oratio
3979 1469 4131 1550 pro
4187 1442 4442 1524 bene-

2678 1604 3039 1687 dictione
3095 1605 3513 1688 Barbarae
3570 1619 3651 1688 et
3708 1606 4247 1716 leguminum.
4353 1609 4442 1687 In

2679 1771 3058 1853 oratione
3119 1798 3205 1854 re
3263 1799 3466 1853 vera
3529 1799 3591 1853 s.
3645 1771 4063 1854 Barbarae
4129 1772 4443 1855 mentio

2679 1936 2769 2018 fit
2823 1935 3050 2018 hisce
3105 1936 3423 2019 verbis:
3493 1965 3544 2018 n
3609 1934 3797 2019 're6e
3862 1925 3958 2019 Γῖι
4023 1964 4444 2044 npnsseazflo

2679 2129 2905 2201 mmuh,
2974 2130 3068 2194 ira
3137 2103 3194 2206 †
3257 2088 3588 2184 &namn
3660 2130 3801 2184 one
3873 2130 4219 2210 Bapeflne
4292 2132 4445 2188 euzo

2684 2252 2899 2349 offifla
2941 2262 3336 2374 Bap’oapa
3377 2293 3694 2379 poyssolo
3739 2255 3873 2349 (37170
3917 2268 4329 2351 Kromna
4377 2266 4441 2350 B’

2682 2459 3046 2523 'ramnum
3110 2428 3754 2539 6n13'mn,nnmoy
3817 2438 4174 2540 upn‘b'rb:
4267 2436 4446 2531 „Te

2683 2595 3022 2685 domine
3083 2596 3501 2707 supplices
3559 2624 4027 2695 exoramus,
4099 2612 4188 2681 ut
4242 2598 4448 2681 haec

2684 2761 3107 2873 legumina
3182 2761 3596 2873 (opsonia)
3672 2762 4149 2863 benedicaS,
4234 2793 4448 2875 quae

2685 2927 2761 3009 b.
2804 2928 3170 3009 Barbara
3225 2955 3477 3010 manu
3531 2956 3594 3010 s,
3637 2929 4023 3029 Iulianae,
4080 2958 4269 3012 cum
4326 2932 4447 3012 in-

2686 3107 3099 3177 carcerata
3151 3108 3345 3192 erat,
3402 3094 3680 3177 cibum
3731 3098 4109 3207 sumpsit.
4130 3106 4165 3137 ‘⁴
4239 3098 4449 3178 Pro-

2684 3261 2928 3342 ximis
2986 3261 3359 3344 eiusdem
3416 3262 3815 3345 orationis
3868 3263 4145 3345 verbis
4202 3264 4447 3346 etiam

2688 3428 3046 3509 narratio
3138 3426 3438 3509 biblica
3539 3428 3642 3510 de
3737 3429 3968 3509 Esau
4063 3428 4448 3539 tangitur.

2688 3594 3060 3674 Demum
3127 3593 3206 3674 in
3263 3574 3567 3675 codice*
3606 3594 4030 3676 Hervoiae
4094 3622 4452 3705 sequen-

2687 3759 2801 3841 tia
2864 3757 3122 3855 abest,
3192 3785 3441 3868 quam
3502 3759 3835 3841 missale
3892 3760 4256 3841 Novakii
4314 3760 4449 3842 sol.

2695 3926 2860 4030 267
2911 3952 2961 4005 a
3004 3924 3327 4006 Pascha
3379 3952 3646 4035 usque
3689 3925 3795 4007 ad
3839 3925 4453 4008 Ascensionem

2690 4089 3186 4172 cantandam
3278 4118 3464 4174 esse
3555 4091 3778 4191 dicit,
3871 4091 4106 4174 cuius
4190 4091 4456 4201 prima

2688 4254 2949 4338 verba
2992 4256 3196 4338 haec
3238 4269 3471 4339 sunt:
3521 4253 3835 4364 Bcnp'oe
3868 4246 3988 4339 ἷζε
4022 4284 4062 4338 c
4093 4254 4453 4364 xopoyr’·

2674 4448 2894 4504 ,Βοῖος
2949 4422 3434 4504 Resurrexit
3471 4422 3849 4504 Christus
3890 4449 4077 4503 cum
4117 4421 4450 4503 vexillo.

2225 4872 2638 4955 CAPUT
2702 4873 2942 4953 VIII.

1559 5106 2110 5212 Quaedam
2173 5109 2741 5223 peculiaria
2806 5110 3133 5201 nostri
3200 5111 3610 5201 codicis„

870 5410 1408 5522 Quamquam
1456 5413 1618 5493 iarn
1663 5412 1862 5494 satis
1907 5439 2323 5523 superque
2378 5412 2482 5495 de

719 5589 1219 5687 argumento
1287 5577 1467 5659 libri
1533 5576 1859 5659 locutus
1923 5604 2134 5676 sum,
2204 5590 2481 5660 tamen

717 5741 823 5823 ad
907 5742 1482 5851 explicandam
1559 5742 1829 5853 magis
1911 5743 2159 5825 etiam
2243 5757 2482 5826 natu·

718 5935 894 5989 ram
967 5907 1276 5990 codicis
1321 5908 1754 5990 ‘nonnulla
1824 5908 2096 5990 adhuc
2175 5909 2482 5991 addere

718 6071 995 6154 velim.
1127 6074 1481 6156 Constat
1580 6074 1781 6156 ritus
1877 6074 2480 6157 ecclesiasticos

2694 5411 3289 5522 antiquissimis
3381 5410 3897 5521 temporibus
3989 5439 4159 5494 non
4241 5413 4456 5494 adeo

2697 5578 3091 5659 omnibus
3189 5578 3268 5659 in
3366 5577 3615 5660 rebus
3710 5578 4268 5688 conspirasse,
4372 5592 4461 5658 ut

2694 5770 2864 5824 non
2949 5744 3322 5826 diversas
3405 5744 4052 5826 consuetudines
4136 5770 4457 5825 mores-

2694 5936 2859 6020 que
2913 5910 3360 6019 populares
3419 5911 3821 6019 respicere
3879 5909 4176 6008 liceret‚
4240 5937 4458 6019 quos

2692 6074 3040 6157 ecclesia
3120 6076 3581 6158 connivens
3665 6089 3747 6158 et
3827 6075 4042 6158 bene
4124 6076 4458 6184 sapiens

3978 6226 4039 6278 ὁ*
