5559 7392
2714 636 2828 715 ⁴—
2943 686 3244 754 54-

1123 957 1167 1010 κ
1262 954 1508 1035 'romoy
1604 954 1945 1008 nequem
2044 910 2313 1020 Ji’iissslb
2409 955 2508 1008 Ην]
2606 953 2885 1034 ciloyra

1126 1094 1376 1203 (miss.
1424 1119 1618 1174 nov.
1666 1088 1978 1200 cnoyrn)
2024 1119 2161 1175 ero
2204 1093 2508 1175 xa6n⁷rn
2555 1121 2657 1174 nn
2702 1118 2881 1175 3510-

1122 1258 1327 1340 6n⁷rn
1386 1257 1637 1367 (miss.
1687 1285 1880 1339 nov.
1929 1256 2293 1366 weifflrrn)
2363 1286 2515 1339 nm>
2570 1284 2881 1340 Moffie'rb

1122 1423 1373 1532 (miss
1431 1451 1625 1505 τιον.
1692 1450 1786 1505 He
1857 1419 2348 1532 B'3MOffieTb),
2424 1451 2525 1504 nn
2592 1449 2884 1530 chaxa

1119 1617 1216 1670 Ha
1270 1614 1364 1669 He
1420 1614 1820 1671 Bafloffin'rb
1890 1585 2141 1697 (miss
2191 1615 2384 1669 nov.
2444 1586 2877 1697 BssflaPaTn),

1119 1780 1210 1836 Re
1305 1780 1404 1835 ΤΠ
1496 1780 1800 1836 1103th
1895 1750 2495 1862 npnmacrrssnem’
2581 1779 2881 1836 'rssoifflb

1118 1916 1541 2002 06’110131215112
1611 1917 1862 2029 (miss.
1915 1947 2109 2001 nov.
2158 1917 2629 2030 o6ora'rm112)
2697 1945 2877 2001 eon.

1116 2087 1280 2167 rm,
1346 2074 1498 2169 nin.

1272 2251 1532 2333 Cuius
1606 2247 2226 2362 praefationis*)
2302 2250 2561 2332 verba
2630 2250 2882 2332 latina

1116 2444 1305 2498 cum
1389 2430 1722 2527 praesto
1817 2443 1988 2498 non
2070 2416 2260 2511 sint,
2356 2416 2594 2498 liceat
2682 2415 2879 2497 mihi

1115 2581 1537 2692 propriam
1594 2582 2072 2664 versionem
2124 2581 2610 2691 adiungere,
2665 2608 2881 2691 quae

1111 2747 1366 2830 timeo
1441 2775 1546 2829 an
1624 2747 1897 2830 ubivis
1971 2774 2146 2829 rem
2220 2746 2435 2828 bene
2503 2747 2875 2856 explicet.

1273 2914 1550 3011 „Vere
1626 2913 1972 3024 dignum
2040 2939 2308 3022 usque
2373 2912 2478 2994 ad
2545 2912 2878 3022 Sempi-

1111 3090 1344 3159 terne
1426 3078 1657 3160 deus.
1801 3078 1987 3159 Rex
2069 3105 2396 3188 regum,
2484 3077 2878 3159 dominus

1112 3242 1752 3341 dominantium,
1821 3243 1960 3353 qui
2028 3244 2311 3325 omnia
2373 3244 2636 3326 verbo
2702 3270 2878 3325 cre-

1111 3408 1297 3507 asti,
1400 3408 1634 3490 cuius
1731 3409 1960 3490 iussu
2058 3409 2342 3491 omnia
2430 3409 2880 3491 constituta

1111 3587 1325 3671 sunt,
1396 3574 1560 3655 iam
1627 3601 1784 3656 nos
1846 3574 2296 3657 humilibus
2352 3574 2704 3657 vocibus
2767 3540 2873 3656 ad

1110 3752 1191 3821 te
1256 3739 1716 3821 clamamus
1782 3740 2354 3850 deprecanteS,
2424 3753 2515 3822 ut
2578 3741 2875 3851 iniqui-

1109 3918 1320 3988 tates
1377 3920 1705 3989 nostras
1758 3907 2165 3989 emundes
2222 3934 2675 4017 precesque
2722 3935 2876 3989 no-

1110 4084 1322 4154 stras
1380 4073 1798 4172 exaudias,
1866 4073 2078 4155 sicut
2133 4073 2523 4155 exaudire
2579 4073 2874 4184 digna-

1109 4249 1243 4318 tus
1309 4265 1400 4319 es
1465 4251 2165 4347 protomartyrem
2222 4252 2458 4320 tuum
2514 4238 2874 4348 Stepha-

1261 4623 1316 4703 *)
1380 4620 1526 4685 Sed
1574 4624 1642 4685 in
1691 4622 2139 4687 Sacerdotali
2189 4625 2299 4687 ed.
2349 4644 2537 4687 anno
2580 4625 2739 4686 1560
2787 4623 2878 4686 si-

1109 4743 1293 4806 milis
1349 4745 1577 4807 oratio
1631 4746 1976 4809 habetur:
2042 4747 2345 4809 Domine
2403 4746 2602 4816 Deus
2658 4745 2877 4808 omni-

1110 4875 1366 4946 potens
1425 4876 1706 4929 creator
1764 4867 1940 4929 caeli
2000 4877 2071 4931 et
2124 4877 2381 4947 terrae,
2437 4887 2567 4930 rex
2626 4887 2875 4950 regum

1112 4998 1183 5051 et
1245 4989 1568 5051 dominus
1640 4989 2173 5070 dominantium,
2245 4989 2510 5052 exaudi
2579 5009 2709 5052 nos
2773 4987 2876 5051 fa-

1110 5112 1336 5172 mulos
1382 5119 1544 5173 tuos
1591 5112 1981 5174 clamantes
2012 5120 2100 5174 -et
2143 5120 2429 5174 orantes
2468 5113 2560 5174 ad
2599 5121 2705 5173 te:
2756 5111 2876 5191 qui

1110 5231 1346 5293 omnia
1387 5232 1476 5294 de
1517 5232 1735 5294 nihilo
1779 5233 2038 5296 creasti
2081 5243 2153 5296 et
2183 5214 2317 5296 hoc
2350 5235 2683 5314 pabulum
2720 5252 2877 5295 cum

1111 5353 1414 5416 caeteris
1462 5354 1808 5417 creaturis
1856 5356 1948 5417 ad
1995 5375 2163 5417 usus
2210 5355 2616 5417 animalium
2664 5363 2737 5417 et
2784 5355 2876 5416 ad

1111 5494 1351 5538 eorum
1420 5476 1923 5538 nutrimentum
1992 5476 2252 5555 fecisti,
2334 5497 2517 5558 quae
2588 5476 2875 5557 quidem

1111 5596 1442 5659 animalia
1512 5598 1581 5658 in
1650 5597 2075 5660 adiutorium
2145 5609 2217 5661 et
2284 5598 2875 5662 sustentationem

1107 5718 1467 5781 hominum
1539 5720 1826 5800 creasti,
1908 5719 2026 5800 qui
2097 5720 2441 5782 hodierno
2511 5720 2625 5782 die
2695 5719 2877 5802 peti-

1108 5841 1372 5904 tionem
1441 5841 1669 5904 sancti
1733 5840 2082 5922 Stephani
2152 5841 2690 5923 protomartyris
2751 5842 2874 5904 ad-

1109 5962 1447 6043 implesti,
1507 5972 1579 6026 te
1635 5962 1991 6026 humiliter
2056 5965 2549 6045 deprecamur,
2614 5972 2690 6024 ut
2741 5964 2873 6024 has

1109 6094 1474 6146 creaturas
1536 6104 1838 6165 avenae,
1901 6084 2098 6165 saliS,
2163 6095 2235 6147 et
2294 6094 2610 6163 caetera,
2687 6103 2871 6164 quae

3095 953 3296 1008 num
3372 927 3850 1023 diaconum,
3937 927 4074 1036 qui
4159 927 4518 1009 salutare
4592 929 4861 1010 carnis

3095 1120 3295 1174 suae
3349 1091 3837 1174 sacrificium
3892 1092 4035 1174 tibi
4091 1092 4409 1175 obtulit.
4506 1094 4615 1175 Et
4666 1121 4860 1203 pro—

3094 1260 3380 1369 pitiare
3447 1258 3964 1341 orationibus
4018 1260 4345 1357 nostriS,
4415 1259 4647 1342 sicuti
4706 1286 4861 1340 vo-

3094 1424 3326 1506 cibus
3423 1421 3759 1533 (verbis)
3860 1424 4079 1506 beati
4172 1425 4512 1535 Georgii
4606 1425 4859 1507 validi

3095 1591 3477 1699 martyris
3558 1590 3673 1672 tui
3757 1590 4248 1701 propitiatus
4340 1617 4430 1672 es
4519 1618 4859 1672 omnes-

3095 1784 3256 1866 que
3322 1783 3611 1867 preces
3678 1756 3855 1838 eius
3913 1756 4369 1865 explevisti.
4455 1757 4565 1838 Et
4621 1757 4858 1839 sicuti

3093 1949 3342 2003 servo
3435 1935 3581 2003 tuo
3683 1921 4039 2003 athletae
4142 1921 4712 2032 Chrysogono
4808 1952 4858 2004 a

3094 2087 3625 2169 Diocletiano
3692 2086 4086 2183 cruciatO,
4165 2086 4531 2197 palmam
4606 2101 4857 2198 atque

3093 2279 3493 2334 coronam
3605 2252 3919 2334 donare
4020 2252 4411 2362 dignatus
4514 2281 4635 2351 es,
4747 2254 4858 2336 ita

3094 2418 3549 2500 corrobora
3649 2430 3731 2499 et
3834 2445 4022 2516 nos,
4128 2445 4640 2528 quaesumus
4751 2432 4852 2516 te,

3094 2582 3464 2679 domine,
3542 2596 3831 2665 contra
3895 2583 4499 2666 malevolentes
4570 2584 4853 2684 nobis;

3091 2748 3301 2830 sicut
3414 2748 3754 2830 beatum
3881 2748 4278 2831 athletam
4406 2749 4854 2832 diaconum

3094 2912 3633 2995 Laurentium
3708 2912 3816 2994 ad
3886 2913 4102 3023 ignis
4177 2914 4603 2995 flammam
4669 2941 4854 2995 cor-

3091 3077 3487 3160 roborare
3555 3078 3946 3188 dignatus
4017 3106 4138 3176 es,
4216 3092 4298 3161 et
4361 3078 4572 3162 sicut
4637 3080 4854 3162 mul-

3089 3258 3224 3326 tos
3298 3257 3704 3354 martyres
3778 3244 3857 3326 in
3932 3246 4369 3327 tormentis
4448 3246 4853 3328 corrobo-

3090 3409 3283 3491 rasti
3348 3436 3803 3520 precesque
3870 3436 4162 3491 eorum
4236 3411 4628 3492 exaudire
4698 3438 4854 3492 vo—

3090 3574 3330 3673 luisti,
3401 3571 3568 3684 (ita)
3636 3588 3716 3657 et
3772 3602 3951 3673 nos,
4021 3576 4396 3685 quisquis
4453 3576 4532 3657 in
4594 3576 4855 3658 domo

3090 3740 3244 3822 hac
3297 3768 3530 3823 sacra
3584 3768 3874 3850 preces
3928 3741 4037 3822 ad
4102 3754 4183 3823 te
4239 3741 4607 3840 effundit,
4677 3770 4857 3824 orn-

3090 3934 3239 3988 nes
3323 3906 3622 3989 exaudi
3707 3907 3811 3989 de
3895 3907 4143 3989 caelis
4228 3920 4308 3989 et
4380 3906 4852 3990 habitaculo

3088 4084 3378 4154 sancto
3432 4085 3601 4169 tu0‚
3659 4085 3741 4154 et
3795 4072 4184 4155 miserere
4238 4072 4588 4154 heroum
4642 4072 4854 4155 chri-

3088 4236 3573 4334 stianorum,
3629 4237 3769 4347 qui
3815 4236 3895 4318 in
3943 4237 4416 4319 orthodoxa
4460 4237 4623 4320 fide
4668 4265 4855 4348 per-

3088 4623 3180 4684 ad
3259 4641 3427 4683 usus
3504 4622 3909 4685 animalium
3989 4634 4062 4685 et
4132 4624 4513 4687 sanitatem
4586 4644 4855 4705 eorum,

3087 4742 3240 4806 sive
3293 4742 3363 4804 in
3419 4753 3612 4807 terra
3664 4744 3816 4806 sive
3865 4744 3934 4806 in
3983 4764 4173 4824 aqua
4232 4745 4666 4828 degentium,
4724 4766 4854 4828 per

3090 4864 3614 4928 invocationem
3671 4866 3899 4929 sancti
3948 4866 4121 4930 Nois
4175 4867 4277 4930 tui
4334 4876 4407 4930 et
4463 4887 4593 4949 per
4639 4870 4852 4932 inter-

3089 4986 3483 5049 cessionem
3548 4989 3809 5051 beatae
3877 4989 4153 5051 Mariae
4217 5008 4497 5070 semper
4552 4989 4853 5072 virginis

3086 5107 3457 5191 genitricis
3525 5118 3692 5172 tuae
3766 5119 3837 5172 et
3913 5129 4044 5190 per
4105 5110 4358 5172 merita
4425 5111 4620 5174 beati
4692 5110 4852 5176 Ste-

3090 5229 3307 5310 phani
3362 5230 3907 5313 protomartyris
3962 5230 4085 5312 tui,
4150 5231 4349 5295 cuius
4410 5230 4669 5296 festum
4730 5234 4853 5294 ho-

3088 5351 3202 5413 die
3250 5352 3647 5433 recolimuS,
3705 5362 3777 5416 et
3823 5373 3952 5433 per
3997 5373 4251 5434 preces
4297 5354 4606 5417 omnium
4647 5375 4849 5418 sanc-

3086 5482 3317 5535 torum
3392 5483 3671 5537 tuorum
3746 5475 4176 5537 benedicere
4257 5487 4330 5538 et
4398 5475 4848 5540 sanctificare

3087 5594 3433 5676 digneris,
3506 5603 3583 5657 ut
3653 5595 3986 5658 animalia
4048 5616 4233 5677 quae
4299 5617 4388 5659 ex
4449 5598 4552 5660 eis
4605 5608 4851 5680 gusta-

3083 5716 3337 5798 verint,
3385 5717 3765 5780 sanitatem
3805 5717 4256 5801 integraliter
4300 5720 4671 5801 recipiant,
4722 5740 4849 5801 per

3083 5850 3184 5918 te,
3241 5838 3404 5902 Iesu
3470 5839 3777 5920 Christe,
3842 5841 4041 5903 cuius
4106 5843 4258 5903 solo
4326 5845 4549 5904 verbo
4611 5842 4847 5905 omnia

3081 5970 3591 6043 restaurantur,
3646 5963 3965 6025 salvator
4010 5963 4271 6043 mundi,
4329 5985 4460 6027 rex
4509 5975 4848 6028 aeternae

3081 6083 3376 6166 gloriae.
