5559 7392
1110 944 1215 1026 de
1269 944 1453 1026 fatis
1509 942 1723 1024 illius
1768 942 2151 1024 codicum
2196 943 2585 1039 thesauri,
2642 944 2877 1026 cuius

1108 1124 1388 1220 partes
1469 1109 1859 1190 disiectae
1945 1123 2028 1190 et
2108 1109 2187 1189 in
2275 1109 2626 1220 singulis
2711 1110 2879 1191 fere

1108 1277 1502 1384 Europae
1571 1274 2093 1357 bibliothecis
2156 1276 2650 1359 adservatae
2724 1275 2877 1357 ho-

1107 1440 1239 1521 die
1336 1467 1675 1550 quoque
1770 1440 2411 1523 admirationem
2501 1442 2876 1524 virorum

993 1624 997 1629 ’
1109 1607 1624 1688 eruditorum
1691 1605 2068 1688 excitant.

1260 1772 1479 1854 Cum
1560 1799 1767 1854 vero
1853 1773 2391 1882 quaestiones
2474 1772 2579 1854 de
2664 1773 2874 1854 Cor-

1106 1937 1303 2019 vina
1386 1937 1889 2019 bibliotheca
1970 1938 2388 2020 institutae
2472 1966 2661 2020 cum
2738 1966 2877 2020 co-

1106 2103 1310 2201 dice,
1379 2103 1518 2213 qui
1584 2102 1714 2184 hic
1777 2115 2340 2212 pertractatur,
2416 2105 2875 2186 arctissime

1107 2267 1629 2365 cohaereant,
1697 2269 2109 2379 quaedam
2171 2268 2276 2350 de
2330 2269 2515 2351 fatis
2575 2269 2875 2350 biblio-

1104 2434 1393 2515 thecae
1453 2433 1666 2515 illius
1724 2434 1968 2517 nobis
2025 2435 2631 2544 praemittenda
2689 2464 2875 2518 esse

1106 2599 1516 2681 videntur.

1259 2766 1463 2847 Post
1559 2779 1916 2847 mortem
2015 2766 2297 2878 magni
2390 2768 2871 2864 conditoris

1107 2931 1245 3039 qui
1312 2952 1509 3014 VIII.
1569 2931 1683 3012 Id.
1741 2931 2055 3041 Aprilis
2119 2959 2344 3012 anno
2416 2956 2638 3038 1490
2703 2933 2876 3015 vita

1105 3095 1491 3194 decessit,
1591 3096 2093 3179 bibliotheca
2189 3099 2268 3179 in
2364 3125 2552 3180 arce
2646 3099 2876 3180 urbis

1105 3261 1397 3344 Budae
1455 3265 1932 3372 permansit.
2002 3265 2110 3346 Et
2165 3292 2677 3375 quamquam
2733 3266 2877 3347 ba-

1105 3455 1357 3510 rones
1421 3430 1656 3539 regni
1724 3457 1910 3512 earn
1968 3431 2074 3513 ad
2133 3433 2367 3543 regni
2424 3433 2680 3514 decus
2738 3460 2878 3514 ex-

1106 3606 1502 3675 structam
1577 3623 1764 3678 esse
1838 3597 2420 3680 intellexerunt
2492 3612 2574 3680 et
2637 3601 2874 3709 quasi

1106 3759 1697 3843 bibliothecam
1782 3763 2014 3873 regni
2097 3764 2518 3873 publicam
2601 3792 2873 3876 agno-

1104 3939 1409 4007 verunt
1504 3926 1632 4036 (G.
1713 3929 1949 4037 Pray,
2048 3928 2481 4039 Epistolae
2565 3932 2873 4012 Proce-

1106 4117 1312 4189 rum,
1389 4113 1443 4195 Ι,
1518 4120 1706 4203 pag.
1767 4091 1970 4202 378)
2054 4107 2333 4176 tamen
2419 4123 2685 4206 usque
2766 4097 2873 4178 ad

1105 4284 1419 4339 annum
1518 4261 1740 4365 1526
1834 4261 2354 4344 multifariam
2449 4262 2872 4371 expilaba-

1105 4436 1256 4521 tur,
1325 4438 1520 4533 post
1583 4453 1957 4537 pugnam
2015 4442 2295 4509 autem
2353 4428 2459 4510 ad
2520 4429 2872 4510 Mohacs

1107 4588 1353 4698 plane
1420 4591 1796 4674 concidit.

1252 4755 1725 4838 Turcorum
1781 4759 2348 4867 imperatoreS,
2409 4759 2871 4869 Suleyman

1104 4921 1177 5004 el
1258 4923 1618 5017 Kanuni,
1697 4950 2058 5034 magnus
2134 4924 2268 5007 ille
2344 4940 2874 5037 expugnator

1104 5089 1560 5199 legumque
1644 5090 1877 5188 lator,
1973 5118 2129 5172 nec
2210 5092 2486 5173 minus
2569 5119 2874 5174 surena

1105 5256 1304 5353 eiuS,
1363 5255 1744 5351 Ibrahim‚
1805 5257 2141 5339 natione
2201 5257 2596 5353 Graecus,
2657 5258 2873 5340 litte-

1107 5447 1384 5502 rarum
1490 5421 1961 5531 artiumque
2067 5423 2423 5532 pretium
2542 5423 2871 5532 plurimi

1104 5588 1595 5669 aestimasse
1687 5587 2095 5685 videntur,
2192 5615 2382 5670 curn
2477 5601 2558 5669 et
2647 5615 2871 5670 anno

1122 5754 1343 5859 1526
1420 5768 1501 5836 et
1575 5754 1824 5835 etiam
1899 5752 2104 5834 urbe
2182 5754 2671 5863 Hungariae
2744 5780 2874 5833 re-

1105 5921 1243 6032 gia
1327 5932 1808 6030 expugnata
1890 5931 2351 6029 pacataque
2433 5919 2875 6001 simulacra

1107 6086 1515 6183 Herculis,
1604 6085 2043 6195 Apollinis,
2132 6086 2459 6167 Dianae
2535 6113 2637 6167 ex
2712 6086 2874 6166 ori-

2931 685 3238 747 IV—

3089 943 3376 1025 chalco
3472 972 3522 1025 a
3618 945 4045 1054 praeclaro
4139 948 4448 1030 artifice
4549 950 4857 1032 Iacobo

3092 1109 3445 1191 Statileo
3542 1110 3647 1192 de
3743 1086 3973 1193 Trau
4079 1112 4386 1195 ibidem
4483 1117 4860 1199 confecta

3093 1272 3215 1383 (cf.
3303 1275 3803 1385 Kukuljevic
3893 1278 4118 1375 Ivan,
4218 1278 4578 1361 Slovnik
4655 1238 4859 1364 'um-

3078 1439 3458 1549 jetnikoh
3540 1440 4243 1552 jugoslavenskih
4337 1497 4439 1506 —
4534 1448 4855 1529 Dictioss

3091 1606 3412 1687 narium
3507 1608 3912 1690 artificum
4008 1609 4512 1693 slavicorum
4612 1614 4858 1695 meri-

3091 1771 3589 1868 dionalium,
3707 1775 4169 1884 Zagrabiae
4292 1781 4554 1883 1854,
4664 1808 4855 1890 pag.

3092 1937 3617 2040 426—430;
3718 1940 3821 2019 N.
3911 1930 4337 2051 Istvanffy,
4440 1943 4856 2026 Historia-

3090 2127 3273 2182 rum
3339 2102 3441 2184 de
3495 2102 3744 2185 rebus
3809 2074 4338 2216 HungariciS,
4412 2110 4658 2215 1758,
4720 2109 4854 2192 lib.

3090 2288 3289 2365 VIII,
3387 2296 3582 2379 pag.
3638 2269 3818 2378 83),
3917 2299 4071 2353 nec
4163 2300 4333 2354 non
4428 2275 4857 2386 ingentem

3089 2433 3490 2517 librorum
3556 2436 3977 2519 Corvinae
4043 2440 4372 2549 copiam
4438 2442 4858 2524 Constan-

3089 2600 3526 2711 tinopolim
3623 2605 4181 2687 transferrent.
4308 2606 4595 2715 Opera
4693 2608 4857 2688 iam

3090 2778 3171 2846 et
3225 2766 3331 2847 ad
3387 2767 3868 2876 Bosporum
3937 2771 4427 2853 transmissa
4499 2786 4583 2854 et
4641 2800 4857 2883 quae

3089 2930 3337 3012 etiam
3419 2932 3711 3014 Budae
3794 2951 4365 3019 remanserant
4445 2965 4495 3018 a
4558 2939 4856 3021 Tuscis

3090 3125 3260 3178 non
3345 3099 3623 3180 solum
3707 3115 4228 3199 conservata,
4315 3103 4465 3185 sed
4542 3117 4631 3186 ut
4704 3105 4855 3186 ad-

3089 3264 3408 3346 notatio
3514 3265 3823 3347 codicis
3926 3268 4472 3350 Posoniensis
4569 3269 4851 3378 Cirylli

3086 3430 3633 3512 Alexandrini
3717 3445 4085 3531 testatur,
4173 3434 4419 3515 etiam
4500 3449 4856 3546 purgata

3088 3610 3303 3678 sunt.
3430 3597 3550 3679 Ibi
3618 3598 3839 3679 enirn
3907 3597 4112 3679 haec
4178 3599 4585 3708 legimus:
4664 3601 4853 3695 „Li-

3087 3762 3399 3845 bellum
3468 3763 3689 3845 hunc
3753 3765 4091 3875 quidam
4167 3766 4546 3880 captivus
4613 3767 4854 3848 Hun-

3085 3956 3373 4039 garuS,
3461 3929 3855 4012 liberatus
3938 3959 3987 4011 a
4070 3930 4423 4012 Turcica
4506 3932 4850 4043 captivi-

3085 4106 3252 4176 tate
3337 4094 3441 4175 de
3524 4094 3786 4191 Buda,
3875 4095 4077 4176 dum
4162 4096 4470 4177 ibidem
4553 4096 4852 4178 biblio-

3083 4261 3410 4341 thecam
3516 4259 3831 4370 regiam
3936 4287 4296 4370 purgare
4393 4262 4847 4361 debuisset,

3085 4428 3329 4534 clam⁴
3371 4426 3794 4525 abstulit“,
3883 4427 3964 4509 id
4037 4428 4267 4537 quod
4342 4429 4848 4537 peritissimo

3084 4561 3658 4704 investigatori
3715 4593 4159 4689 Corvinae,
4229 4594 4521 4676 Ioanni
4579 4596 4851 4677 Cson-

3084 4760 3270 4857 tosi,
3339 4759 3776 4841 debemus.

3237 4924 3599 5007 Saeculo
3695 4924 4022 5007 decimo
4107 4926 4468 5035 septimo
4561 4954 4850 5008 comes

3085 5091 3423 5185 Althan,
3500 5091 3967 5200 praefectus
4040 5091 4250 5172 arcis
4318 5091 4850 5172 Comaromi-

3086 5257 3332 5353 ensiS,
3392 5256 3728 5337 Gabriel
3778 5256 4153 5353 Bethlen‚
4208 5284 4590 5338 summus
4638 5257 4852 5338 illius

3084 5420 3768 5506 Transsilvaniae
3851 5422 4259 5532 princeps,
4344 5421 4853 5503 clarissimus

3085 5587 3524 5669 cardinalis
3609 5601 3693 5669 et
3773 5587 4445 5696 archiepiscopus
4521 5587 4851 5697 Strigo-

3087 5753 3430 5851 niensiS,
3518 5753 3817 5834 Petrus
3905 5753 4361 5861 Pazmany,
4458 5779 4855 5862 annoque

3105 5920 3309 6000 1631
3380 5918 3804 6028 Georgius
3865 5917 4266 6027 Rakoczy
4325 5940 4377 6002 Ι.
4433 5917 4854 5999 Transsil-

3087 6083 3384 6164 vaniae
3468 6084 3874 6192 princeps
3961 6083 4368 6192 quidquid
4451 6082 4854 6163 librorum
