5559 7392
2720 717 3237 783 „94-

1113 959 1364 1039 armis
1436 957 1859 1039 hodiernis
1925 957 2275 1038 civitatis
2344 957 2874 1039 Almissanae

1113 1137 1660 1206 conservatus
1747 1135 1895 1220 est,
1982 1150 2197 1233 quae
2272 1123 2561 1205 civitas
2636 1125 2874 1233 quasi

1112 1289 1545 1371 castellum
1602 1302 1684 1371 et
1737 1289 2085 1398 capitale
2140 1288 2287 1371 suit
2344 1288 2872 1370 illustrissimi

1115 1453 1403 1563 ducis)

1263 1622 1548 1730 Atque
1640 1621 2017 1729 profecto
2110 1620 2271 1702 hoc
2363 1621 2873 1703 heraldicum

1111 1784 1735 1883 documentum,
1821 1785 2050 1896 quod
2128 1786 2371 1867 nobis
2448 1786 2875 1868 Hervoiae

1115 1951 1452 2033 missale
1546 1951 1922 2061 praebet,
2021 1951 2242 2033 haud
2341 1953 2651 2063 exiguo
2748 1964 2878 2033 est

1112 2128 1573 2199 momento.
1622 2119 2009 2200 Testatur
2054 2118 2275 2200 enim
2323 2119 2663 2200 saeculo
2703 2139 2872 2201 XV.

1112 2283 1560 2393 optimates
1614 2285 2101 2365 Bosnenses
2158 2311 2470 2394 magna
2521 2285 2876 2366 auctori-

1109 2460 1278 2530 tate
1351 2476 1558 2531 usos
1634 2476 1823 2531 esse
1909 2462 1991 2531 et
2062 2450 2169 2532 ad
2245 2450 2648 2532 Hadriam
2725 2451 2875 2532 Hi-

1110 2627 1545 2725 strumque
1611 2627 2027 2724 potestate
2093 2617 2499 2698 floruisse.

3241 958 3669 1040 Hervoiae
3745 972 4027 1041 autem
4104 959 4423 1068 gloriae
4493 959 4849 1040 maxime

3088 1124 3497 1221 conducit,
3548 1124 3776 1234 quod
3822 1125 4318 1206 memoriam
4373 1124 4617 1205 huius
4663 1123 4851 1204 hor-

3088 1289 3237 1371 ridi
3306 1290 3581 1371 militis
3648 1317 3862 1399 opus
3919 1303 4090 1372 tam
4157 1290 4675 1398 praeclarum
4741 1290 4848 1370 ad

3089 1468 3482 1564 posteros
3566 1456 4090 1565 propagavit.
4203 1456 4310 1535 Et
4393 1454 4849 1537 rectissime

3090 1620 3194 1701 de
3289 1619 3657 1729 superbo
3753 1620 3892 1701 illo
3987 1621 4156 1702 filio
4241 1646 4671 1717 saxorum,
4768 1620 4847 1700 in

3089 1785 3392 1896 quibus
3486 1787 3648 1867 iam
3746 1786 4111 1867 Romani
4196 1788 4471 1867 Deam
4556 1787 4850 1868 Petrae

3088 1952 3459 2035 habitare
3512 1952 4058 2048 affirmabant,
4107 1951 4584 2062 praedicare
4631 1952 4848 2035 licet:

3246 2119 3598 2216 „Fortes
3674 2131 4057 2200 creantur
4131 2117 4480 2199 fortibus
4557 2129 4638 2199 et
4701 2117 4853 2199 bo-

3091 2284 3256 2381 nis;
3307 2334 3414 2342 —
3477 2311 3748 2393 neque
3803 2283 4230 2365 imbellem
4288 2283 4609 2365 feroces
4662 2311 4853 2392 pro-

3087 2463 3498 2559 generant
3547 2449 3875 2559 aquilae
3929 2423 4472 2531 columbam.“
4527 2449 4850 2557 (Horat.

3087 2616 3222 2697 od.
3292 2636 3417 2712 IV,
3487 2639 3660 2720 429
3726 2614 3882 2726 sq.)
