5559 7392
2758 679 3322 748 ‚104-

1175 898 1584 1011 rationem
1651 927 1731 1007 in
1800 924 2074 1007 missis
2129 924 2235 1004 ad
2291 922 2685 1004 circulum
2740 921 2933 1002 anni

1173 1094 1612 1204 praecipue
1662 1091 2114 1174 adhibitam
2171 1102 2505 1171 secutus
2575 1100 2701 1170 est
2763 1101 2938 1171 tex-

1173 1273 1349 1342 tum
1418 1257 1830 1368 euangelii
1896 1256 2415 1367 singularum
2491 1254 2935 1336 missarum

1172 1425 1578 1535 quadrato
1654 1423 2104 1505 latitudinis
2170 1422 2615 1504 colum'nae
2691 1448 2935 1502 exor-

1175 1592 1444 1673 nandi.
1544 1590 1684 1672 Ad
1775 1610 1864 1672 II.
1954 1588 2385 1670 Februarii
2482 1613 2671 1697 pag.
2765 1607 2933 1691 155

1174 1757 1593 1868 praecepit
1656 1754 2117 1838 secundum
2180 1753 2713 1864 euangelium
2767 1753 2937 1832 Lu-

1173 1950 1319 2005 cae
1396 1943 1495 2019 ΙΙ,
1570 1923 1919 2003 22—32
1999 1920 2513 2003 oblationem
2590 1920 2779 2000 Iesu
2857 1918 2935 1998 in

1171 2088 1523 2198 templo;
1592 2088 1724 2168 die
1772 2087 2086 2167 Mariae
2142 2085 2741 2194 assumptionis
2795 2111 2940 2165 au-

1173 2268 1341 2336 tem
1416 2266 1914 2362 argumento
1993 2250 2406 2361 euangelii
2481 2252 2759 2331 Lucae
2837 2270 2936 2346 X,

1175 2422 1546 2522 38—-42
1629 2419 1733 2499 de
1809 2418 2143 2499 Christo
2209 2416 2434 2525 apud
2510 2414 2930 2498 Martham

1174 2598 1255 2666 et
1308 2584 1662 2665 Mariam
1716 2595 2104 2664 versante
2169 2581 2561 2664 initialem
2615 2593 2937 2662 tantum

1173 2751 1527 2832 litteram
1583 2762 2071 2831 exornatam
2122 2747 2588 2842 destinavit,
2659 2746 2739 2826 in
2794 2745 2942 2827 ini-

1172 2915 1287 2996 tio
1333 2941 1541 2996 vero
1598 2914 1902 2995 missae
1960 2913 2392 2995 sollemnis
2438 2912 2753 2993 Mariae
2806 2939 2941 2993 as-

1172 3080 1738 3189 sumptionem
1843 3080 1922 3160 in
2023 3079 2347 3160 caelum
2449 3077 2729 3186 posuit
2832 3077 2936 3186 (v.

1173 3246 1310 3356 fig.
1361 3243 1527 3351 37),
1605 3271 1820 3353 quae
1888 3244 1994 3325 ad
2061 3244 2284 3325 diem
2350 3243 2675 3342 festum,
2769 3270 2941 3324 non

1172 3423 1453 3492 autem
1544 3409 1650 3491 ad
1745 3420 2061 3491 textum
2165 3409 2468 3491 missae
2564 3410 2939 3518 pertinet.

1176 3577 1412 3657 Haec
1444 3588 1724 3656 autem
1760 3575 2219 3657 illustrandi
2256 3575 2575 3656 ratione
2610 3602 2944 3685 semper

1173 3740 1341 3822 fere
1418 3739 1666 3821 etiam
1741 3740 1820 3820 in
1895 3740 2187 3822 ceteris
2270 3740 2496 3822 festis
2569 3741 2936 3823 adhibita

1174 3916 1348 4004 est;
1435 3905 1714 4014 itaque
1797 3905 2008 3987 festo
2095 3906 2412 3987 Mariae
2496 3906 2944 3989 nativitatis

1176 4098 1262 4151 re
1318 4098 1511 4152 vera
1577 4070 1963 4152 nativitas
2016 4071 2361 4181 virginis
2430 4070 2754 4181 depicta
2820 4084 2947 4154 est

1176 4262 1365 4345 pag.
1419 4257 1602 4342 179,
1661 4236 1873 4318 sesto
1921 4236 2251 4317 divinae
2295 4236 2678 4318 trinitatis
2733 4237 2940 4320 haec

1177 4401 1357 4509 ipsa
1412 4401 1938 4482 sanctissima
1992 4402 2309 4483 trinitas
2367 4428 2556 4512 pag.
2611 4428 2766 4484 211
2830 4402 2935 4514 (v.

1177 4565 1311 4676 fig.
1393 4565 1561 4674 40),
1669 4579 1750 4649 et
1853 4594 2040 4647 raro
2134 4580 2455 4650 tantum
2554 4581 2939 4651 auctores

1177 4732 1808 4841 euangeliorum
1876 4733 2052 4841 ipsi,
2129 4733 2339 4814 sicut
2412 4734 2517 4814 ad
2596 4734 2938 4816 missam

1175 4897 1309 4979 die
1374 4919 1578 4980 XIV.
1628 4897 2021 4979 Octobris
2087 4926 2241 5007 pro
2302 4898 2663 4981 Callixto
2720 4928 2943 5010 papa

1175 5089 1364 5172 pag.
1428 5064 1586 5168 185
1636 5092 1690 5144 v
1764 5064 2037 5145 Lucas
2103 5064 2643 5174 euangelista,
2709 5065 2941 5174 quod

1179 5255 1281 5309 ex
1347 5228 1523 5309 eius
1592 5228 2038 5339 euangelio
2097 5242 2345 5338 caput
2409 5229 2569 5311 hoc
2625 5229 2757 5311 die
2816 5259 2943 5313 re-

1176 5392 1602 5490 citabatur,
1680 5393 1786 5474 ad
1865 5394 2209 5476 missam
2278 5393 2439 5475 diei
2506 5394 2687 5476 festi
2755 5422 2940 5477 om-

1179 5559 1406 5641 nium
1451 5571 1928 5641 sanctorum
1975 5560 2158 5642 Kal.
2199 5560 2819 5644 Novembribus
2864 5575 2945 5644 et

1180 5725 1704 5807 exaltationis
1769 5727 2032 5806 crucis
2099 5725 2231 5809 die
2295 5745 2500 5808 XIV.
2557 5729 2945 5837 Septem-

1180 5890 1349 5971 bris
1408 5891 1930 6001 euangelista
1986 5892 2345 5975 Ioannes
2401 5920 2591 6004 pag.
2646 5896 2792 5976 181
2865 5907 2947 5976 et

1196 6057 1380 6162 187,
1457 6070 1827 6139 ceterum
1893 6058 2155 6140 semel
2222 6086 2410 6170 pag.
2476 6060 2635 6141 168
2704 6086 2944 6169 prae-

3149 934 3272 1003 ter
3345 934 3724 1003 sanctum
3810 922 3991 1019 diei,
4080 923 4165 1004 S.
4223 923 4602 1018 Paulum,
4693 925 4913 1006 Mat-

3148 1086 3463 1182 thaeuS,
3543 1087 3942 1196 quoniam
4010 1116 4112 1170 ex
4178 1089 4356 1169 eius
4424 1110 4560 1186 XI,
4621 1090 4911 1195 16—23

3149 1253 3682 1364 euangelium
3789 1253 4003 1335 illius
4107 1254 4266 1336 diei
4370 1255 4913 1365 desumptum

3150 1430 3344 1500 erat.
3478 1418 3801 1500 Eadem
3904 1419 4008 1500 de
4105 1446 4358 1501 causa
4457 1448 4647 1531 pag.
4752 1445 4915 1526 149

3151 1584 3401 1665 etiam
3467 1585 3736 1695 figura
3799 1585 4159 1694 apostoli
4217 1586 4451 1667 Pauli
4517 1599 4709 1668 ante
4768 1587 4916 1668 ini-

3150 1750 3356 1831 tium
3450 1749 3857 1859 epistulae
3952 1777 4054 1832 ex
4139 1779 4242 1833 eo
4328 1752 4674 1835 haustae
4758 1779 4914 1861 po-

3149 1915 3307 1997 sita
3398 1929 3545 2011 est,
3643 1915 3838 1998 item
3934 1943 4125 2027 pag.
4196 1918 4366 1998 203
4461 1918 4541 1998 in
4636 1918 4913 1999 missis

3151 2081 3529 2163 omnium
3606 2081 4029 2179 festorum,
4115 2083 4253 2193 qui
4328 2084 4637 2166 sanctis
4714 2084 4916 2166 doc-

3152 2247 3476 2329 toribus
3542 2247 3895 2329 dedicati
3960 2261 4179 2331 sunt.

3304 2413 3396 2493 In
3473 2412 3627 2494 hac
3691 2424 3986 2522 quarta
4060 2426 4292 2523 parte
4357 2413 4566 2496 haec
4630 2416 4919 2526 regula

3153 2577 3648 2688 plerumque
3709 2579 4162 2660 observata
4216 2591 4365 2676 est,
4435 2593 4525 2662 ut
4580 2594 4919 2663 sanctus

3153 2741 3313 2823 diei
3397 2742 3899 2854 depingatur
3979 2745 4246 2856 figura
4311 2739 4625 2855 'partim
4717 2759 4915 2842 tota,

3153 2909 3452 3017 partim
3541 2937 3768 3019 genu
3858 2922 4103 2993 tenus
4186 2939 4605 3022 expressa,
4705 2941 4917 2994 non-

3155 3101 3584 3184 nunquam
3700 3074 3917 3157 binis
4030 3077 4164 3160 vel
4273 3078 4507 3161 trinis
4612 3080 4918 3161 sanctis

3153 3240 3636 3322 coniunctis,
3761 3242 4049 3351 Itaque
4116 3243 4478 3353 imagine
4548 3245 4918 3355 expressi

3154 3418 3350 3487 sunt
3423 3433 3612 3517 pag.
3676 3428 3833 3512 152
3903 3437 3957 3489 v
4047 3409 4155 3489 ad
4249 3409 4481 3490 Pauli
4565 3437 4918 3492 conver-

3155 3573 3482 3655 sionem
3549 3594 3798 3656 XXV.
3867 3574 4219 3656 Ianuarii
4286 3576 4638 3672 Paulus;
4725 3604 4915 3688 pag.

3170 3739 3340 3820 160
3414 3739 3520 3820 ad
3587 3739 3773 3822 Kal.
3843 3740 4115 3822 Maias
4178 3742 4540 3851 apostoli
4610 3742 4918 3853 Philip-

3156 3933 3314 4015 pus
3407 3918 3489 3987 et
3580 3905 3979 4004 Iacobus;
4073 3933 4263 4016 pag.
4337 3909 4484 3989 161
4591 3907 4695 3989 ad
4790 3930 4914 3992 IV.

3158 4071 3328 4152 Mai
3427 4071 3796 4153 Ciriacus
3892 4045 4386 4182 episcopus;
4484 4101 4673 4184 pag.
4757 4075 4913 4156 162

3150 4236 3258 4318 ad
3324 4257 3450 4321 VI.
3520 4237 3689 4318 Mai
3766 4236 4068 4319 festum
4144 4240 4715 4349 euangelistae
4781 4242 4916 4322 Io-

3153 4402 3394 4484 annis
3469 4415 3661 4485 ante
3736 4415 4065 4512 portam
4142 4403 4483 4486 latinam
4549 4431 4919 4515 euange-

3154 4566 3338 4649 lista
3403 4569 3806 4665 Ioannes;
3886 4569 4370 4679 ibidemque
4437 4571 4522 4652 S.
4573 4571 4919 4652 Damia-

3155 4759 3310 4814 nus
3365 4746 3447 4815 et
3499 4733 3585 4814 S.
3639 4733 4070 4816 Michaelis
4134 4735 4686 4845 archangelus
4754 4764 4920 4817 una

3152 4897 3455 4995 tabula,
3524 4925 4036 5009 quamquam
4102 4926 4395 4982 eorum
4464 4901 4771 4982 missae
4838 4901 4917 4981 in
5031 5009 5038 5017 ·

3154 5063 3332 5145 dies
3420 5065 3960 5174 insequentes
4042 5086 4203 5149 VII.
4293 5078 4375 5147 et
4457 5087 4661 5151 VIII.
4747 5067 4918 5147 Mai

3152 5229 3502 5327 cadunt;
3581 5258 3770 5341 pag.
3835 5231 3996 5312 163
4063 5219 4169 5312 ad
4240 5252 4373 5315 XI.
4443 5233 4647 5313 Iunii
4713 5260 4920 5343 apo-

3154 5396 3566 5478 stolorum
3672 5395 4127 5507 discipulus
4233 5399 4662 5480 Barnabas
4769 5400 4919 5481 ibi-

3155 5562 3519 5672 demque
3598 5562 3704 5643 ad
3793 5585 4003 5648 XIII.
4073 5565 4278 5646 Iunii
4358 5565 4919 5647 §.Antonius

3155 5729 3652 5826 Patavinus;
3720 5756 3912 5838 pag.
3972 5731 4128 5837 167
4199 5730 4306 5811 ad
4372 5751 4732 5815 XXVIII.
4790 5733 4921 5813 Iu-

3158 5895 3264 5976 nii
3349 5894 3680 6006 vigilias
3763 5895 3919 5978 SS.
3999 5896 4218 5978 Petri
4309 5909 4392 5977 et
4471 5897 4728 5993 Pauli,
4828 5899 4916 5978 S.

3157 6061 3495 6156 Petrus;
3589 6087 3778 6170 pag.
3852 6062 4007 6168 167
4104 6061 4211 6144 ad
4303 6062 4523 6144 diem
4616 6062 4919 6145 festum
