5559 7392
2298 693 2816 777 —69—

730 956 1076 1037 riantem
1154 952 1539 1034 videmus
1616 951 1695 1032 in
1761 951 2141 1061 proxima
2205 977 2458 1059 paen-

730 1121 999 1202 insula
1063 1119 1364 1200 Italiae.

892 1286 1084 1392 Qua
1148 1311 1336 1367 cum
1405 1283 1727 1393 epocha
1791 1282 2268 1365 consociata
2332 1293 2461 1363 est

647 1552 654 1561 ι
729 1452 808 1533 in
855 1452 1085 1533 Italia
1130 1449 1949 1560 magnificentissima
1993 1462 2224 1530 aetas
2263 1448 2454 1530 arti-

627 1638 668 1733 j.-.
729 1645 870 1699 um
973 1617 1617 1726 litterarumque,
1718 1643 2171 1725 earumque
2257 1642 2453 1724 pro-

1143 1810 1488 1892 gressus
1605 1782 1924 1864 Italiam
2040 1781 2454 1863 officinam

1145 1948 1569 2056 quandam
1622 1947 2015 2028 historiae
2075 1945 2452 2044 reddunt,

1145 2113 1253 2194 ad
1337 2140 1590 2222 quam
1674 2125 1996 2194 ceterae
2073 2112 2455 2194 nationes

911 2279 1162 2362 talem
1236 2277 1644 2359 rationem
1716 2276 2048 2372 habent,
2121 2277 2456 2386 qualem

912 2443 1364 2553 discipulae
1453 2442 1560 2523 ad
1655 2442 2163 2552 magistram.
2300 2441 2460 2523 Hic

913 2610 1161 2720 igitur
1206 2609 1484 2691 Italiae
1531 2563 1825 2706 cultuS,
1884 2608 2254 2717 haecque
2303 2635 2457 2716 po-

1316 2774 1485 2856 litia
1540 2773 1732 2856 litus
1788 2774 2036 2856 etiam
2091 2773 2458 2855 Hadriae

1311 2940 1419 3021 ad
1535 2940 1941 3022 orientem
2045 2951 2454 3049 spectans,

828 3078 1048 3141 Fig.19.

1315 3106 1705 3217 regiones
1786 3105 2454 3200 mediterraneas,

690 3301 1038 3384 campos
1136 3273 1550 3355 Histricos
1646 3271 1828 3354 luce
1923 3271 2457 3354 humanitatis

689 3440 1243 3538 collustravit;
1319 3439 1459 3548 qui
1527 3438 1822 3520 melius
1878 3450 2253 3520 moratus
2318 3464 2455 3518 ur-

690 3606 1128 3715 banusque
1182 3604 1465 3686 haberi
1530 3604 1817 3701 voluit,
1885 3602 2206 3685 Italiam
2261 3630 2455 3685 cen-

688 3772 982 3853 tralem
1037 3772 1294 3854 totius
1349 3770 1775 3853 doctrinae
1830 3771 2274 3853 auctricem
2321 3797 2456 3851 se—

689 3951 929 4019 cutus
975 3952 1122 4021 est.
1180 3939 1480 4046 Neque
1527 3936 1960 4018 efficientia
2003 3936 2453 4017 litterarum

689 4104 1157 4213 artiumque
1294 4102 1951 4214 regenerationis
2086 4100 2453 4182 indolem

691 4270 1208 4381 singularum
1281 4269 1712 4351 nationum
1780 4242 2200 4377 propriam
2268 4294 2454 4377 per—

691 4436 1062 4518 mutavit.
1181 4436 1436 4518 Italus
1502 4435 1723 4517 enim
1788 4434 2092 4516 mansit
2157 4434 2455 4515 sollers

690 4604 1154 4698 Romanus,
1231 4601 1695 4683 Bosnensis
1777 4627 2096 4710 pauper
2183 4599 2454 4681 fortis-

692 4795 854 4879 que
929 4780 1411 4864 montanuS,
1490 4780 1578 4849 ut
1651 4766 1813 4847 iam
1891 4767 2253 4848 maiores
2327 4766 2453 4847 fu-

691 4947 943 5016 erant.
1049 4933 1139 5014 Id
1197 4959 1468 5043 genus
1521 4934 2010 5014 Bosnenses
2065 4959 2454 5041 proceres

691 5113 861 5181 tam
916 5099 1170 5181 rudes
1224 5110 1476 5193 erant,
1543 5124 1796 5208 quarn
1852 5109 2184 5179 montes
2237 5111 2451 5194 sunt,

694 5266 773 5346 in
866 5264 1169 5375 quibus
1262 5264 1778 5358 habitabant,
1886 5262 2204 5346 nullum
2299 5263 2454 5345 sibi

691 5431 1259 5540 praepositum
1314 5430 1480 5539 pati
1534 5430 1955 5526 volebant,
2020 5431 2102 5511 vi
2158 5443 2239 5512 et
2298 5457 2453 5539 po-

690 5598 963 5680 testati
1058 5596 1375 5679 tamdiu
1459 5609 1779 5678 tantum
1862 5595 2453 5705 obsequeban-

689 5777 841 5860 tur,
898 5764 1300 5873 quamdiu
1346 5790 1630 5845 earum
1685 5762 2218 5844 acerbitatem
2264 5788 2455 5843 sen-

690 5930 1042 6029 tiebant;
1137 5958 1304 6040 qua
1394 5942 1784 6039 superata
1862 5927 2142 6010 denuo
2223 5939 2457 6009 erant

691 6096 1077 6177 homines
1140 6096 1371 6178 liberi
1434 6095 1874 6205 solutique.

2821 951 3206 1032 Bosniaci
3274 952 3719 1060 optimates
3784 951 4236 1034 catholicae
4301 979 4431 1032 re—

2667 1117 2953 1228 ligioni
3021 1145 3191 1198 non
3249 1131 3482 1200 erant
3536 1118 3860 1216 addicti,
3928 1118 4077 1200 sed
4136 1146 4431 1201 omnes

2668 1284 2834 1366 sere
2898 1284 3031 1365 vel
3099 1296 3318 1366 certe
3383 1284 3896 1393 potentiores
3953 1283 4107 1366 Hac
4161 1298 4430 1396 aetate

2668 1463 2901 1532 erant
2952 1450 3334 1531 Patareni
3402 1450 3879 1560 (Bogomili,
3940 1450 4135 1532 boni
4194 1450 4430 1532 Chri-

2668 1616 2935 1723 stiani)
2991 1643 3208 1726 quos
3254 1643 3345 1698 se
3394 1616 3546 1726 ipsi
3591 1616 4146 1726 appellabant.
4216 1617 4435 1698 Sunt

2670 1783 2891 1863 enim
2958 1795 3412 1864 sectatores
3477 1782 3929 1892 religionis,
4003 1810 4220 1892 quae
4286 1810 4432 1864 na-

2667 1960 2900 2029 turae
2941 1948 3195 2029 totius
3234 1948 3685 2030 Slavorum
3727 1949 4002 2059 gentis
4047 1949 4434 2059 propriae

2668 2128 2860 2224 apte
2926 2115 3499 2197 conveniebat.
3598 2114 3851 2196 Haud
3917 2142 4184 2224 pauca
4248 2142 4434 2196 om-

2673 2281 2870 2361 nino
2944 2294 3175 2363 erant
3247 2294 3697 2371 momenta.
3775 2307 3990 2390 quae
4065 2307 4253 2363 cum
4328 2281 4435 2362 ad

2670 2447 3049 2557 singulas
3144 2447 3445 2529 Haemi
3542 2446 4081 2557 paeninsulae
4174 2459 4434 2528 terras

2669 2613 3229 2710 dissecandas,
3286 2626 3463 2695 tum
3509 2613 3615 2694 ad
3670 2612 4074 2694 Bosniam
4129 2611 4434 2694 dissol—

2668 2779 3032 2861 vendam
3090 2779 3440 2860 multum
3488 2779 3910 2877 valebant;
3967 2779 4176 2861 inter
4218 2805 4434 2888 quae

2669 2945 3147 3026 referendae
3202 2957 3395 3026 sunt
3446 2946 3716 3027 cultus
3771 2960 3853 3027 et
3903 2913 4435 3026 humanitatis

2668 3137 2885 3219 quae
2949 3123 3146 3192 tunc
3208 3124 3380 3193 erat
3443 3112 3650 3193 ratio
3712 3124 3961 3222 atque
4016 3111 4434 3193 inclinatio

2667 3277 3025 3387 propria,
3074 3278 3366 3387 religio
3412 3278 3602 3360 fidei
3656 3278 4108 3360 catholicae
4152 3278 4438 3359 omnia

2669 3444 2980 3526 unienti
3044 3471 3547 3554 repugnans,
3618 3444 4126 3553 Hungariae,
4201 3443 4436 3554 regni

2670 3610 3026 3708 Histrici,
3082 3609 3483 3708 attractiO,
3539 3611 4002 3691 Turcarum
4055 3609 4276 3691 vires
4328 3609 4435 3690 ad

2668 3803 2978 3886 magna
3052 3788 3545 3885 surgentes;
3626 3776 3705 3856 in
3782 3775 4086 3885 quibus
4160 3775 4433 3856 omni—

2667 3940 2825 4022 bus
2891 3941 3151 4024 inerat
3213 3941 3343 4022 vis
3408 3939 3915 4023 secernendi.

2818 4109 3103 4216 Atque
3184 4107 3340 4188 hac
3414 4118 3683 4188 aetate
3757 4105 3961 4188 vixit
4037 4103 4432 4202 Hervoia,

2667 4300 2885 4354 unus
2920 4300 3022 4354 ex
3060 4272 3343 4382 paucis
3387 4271 3751 4354 Bosniae
3793 4270 4252 4380 oligarchiS,
4295 4269 4433 4379 qui

2666 4438 2772 4519 ad
2828 4451 3287 4519 extremam
3334 4464 3600 4548 usque
3644 4437 3903 4519 vitam
3950 4463 4157 4545 opes
4201 4462 4434 4516 com-

2666 4617 2998 4714 paratas
3051 4602 3559 4685 obtinebant.
3652 4604 3731 4683 Is
3786 4601 4123 4711 quidem
4177 4599 4438 4682 multa

2667 4782 3005 4880 peccata
3049 4768 3642 4865 committebat,
3698 4794 4051 4877 superos
4106 4767 4434 4848 flectere

2669 4934 3064 5045 nequibat
3109 4947 3191 5017 et
3234 4933 3717 5015 Acheronta
3762 4933 4182 5030 movebat,
4226 4934 4439 5013 Tur-

2667 5128 2817 5184 cos
2864 5102 2944 5182 in
2992 5100 3422 5211 angustias
3475 5099 3965 5197 adducebat,
4022 5110 4198 5180 erat
4251 5125 4445 5178 om-

2667 5266 2867 5346 nino
2903 5264 3090 5348 licet
3126 5293 3296 5347 non
3333 5265 3647 5364 melior,
3683 5278 3963 5346 tamen
4007 5276 4228 5346 certe
4264 5290 4433 5344 non

2666 5432 2903 5542 peior
2990 5432 3406 5542 plerisque
3496 5458 3843 5513 suorum
3934 5429 4430 5539 aequalium.

2666 5598 2935 5679 Vides
2980 5598 3157 5680 eius
3202 5598 3656 5694 robustam,
3704 5609 4095 5692 atrocem,
4144 5621 4433 5704 super—

2666 5762 2887 5861 bam,
2942 5790 3284 5845 avaram
3328 5762 3645 5861 faciem,
3709 5761 3946 5872 quasi
3990 5788 4188 5871 prae
4233 5786 4435 5842 ocu—

2668 5928 2765 6010 lis
2819 5942 3338 6036 versantem3
3392 5929 3765 6038 profecto
3824 5940 3997 6009 erat
4050 5940 4138 6009 ut
4194 5926 4431 6036 aqui-

2668 6093 2768 6192 la,
2844 6094 3025 6176 avis
3099 6121 3354 6203 rapax
3428 6094 3788 6203 quidem,
3873 6091 4022 6175 sed
4104 6104 4429 6202 potens.
