5559 7392
2722 693 3285 760 -114„-

1285 939 1488 1046 Pag.
1555 937 1654 1017 61
1724 964 1778 1016 v
1859 934 2247 1017 videmus
2338 935 2629 1015 Ionam
2712 960 2901 1015 ver-

1136 1116 1461 1185 santem
1528 1113 1719 1183 ante
1784 1128 2072 1211 regem
2140 1099 2518 1195 Ninives,
2587 1098 2725 1208 qui
2792 1098 2900 1178 ad

1136 1269 1512 1351 dextram
1574 1279 1896 1376 partem
1953 1266 2207 1347 cistae
2262 1264 2479 1346 altae
2536 1263 2901 1374 pulvinis

1134 1446 1402 1534 tectae
1470 1431 1725 1514 sedet.
1823 1431 2248 1541 Propheta
2301 1429 2541 1511 viridi
2599 1430 2899 1526 tunica,

1137 1598 1518 1680 violaceo
1601 1596 1996 1694 amiculo,
2092 1596 2313 1705 pileo
2396 1595 2902 1705 compluries

1137 1764 1218 1844 in
1277 1790 1369 1845 se
1428 1763 1702 1871 ipsum
1759 1762 2157 1872 implicito
2212 1761 2589 1858 vestitus
2651 1787 2903 1870 quem

1137 1928 1451 2037 pileum
1526 1926 1859 2008 habitus
1932 1926 2013 2008 in
2088 1926 2319 2008 Italia
2391 1927 2903 2009 usitatissimi

1139 2093 1568 2203 proprium
1644 2092 1896 2174 fuisse
1981 2118 2086 2172 ex
2159 2091 2443 2201 clipeis
2517 2091 2905 2173 Pisanelli

1138 2258 1474 2368 triginta
1547 2258 1715 2339 fere
1789 2257 2028 2339 annis
2102 2257 2708 2366 posterioribus
2782 2257 2905 2338 di-

1139 2425 1522 2521 dicimus,
1630 2424 2103 2506 vehementi
2210 2451 2601 2506 sermone
2715 2452 2904 2505 cum

1140 2617 1339 2701 rege
1403 2590 1905 2700 colloquitur
1958 2590 2219 2671 verba
2281 2617 2436 2671 sua
2493 2591 2909 2700 expressis

1141 2756 1519 2867 gestibus
1605 2757 1945 2839 dextrae
2017 2757 2398 2839 sublatae
2472 2758 2903 2839 comitans,

1140 2922 1282 3003 Ad
1347 2922 1753 3031 optimam
1822 2923 2209 3032 imaginis
2275 2936 2594 3033 partem
2661 2924 2908 3033 perti-

1143 3100 1340 3168 nent
1392 3088 1760 3197 quinque
1813 3088 2392 3170 adulescentes
2445 3089 2708 3186 aulici,
2767 3090 2908 3199 qui

1144 3252 1222 3332 in
1302 3265 1673 3334 extrema
1748 3253 2065 3362 pictura
2128 3266 2342 3350 sunt,
2422 3254 2653 3363 quod
2716 3255 2908 3336 arti-

1143 3417 1405 3515 ficem,
1490 3444 1680 3499 cum
1765 3445 2057 3499 eorum
2139 3418 2515 3500 astrictas
2590 3418 2905 3516 bracas

1144 3609 1677 3692 compressas
1750 3595 1831 3664 et
1904 3583 2206 3665 breves
2280 3584 2600 3665 tunicas
2673 3583 2909 3665 zonis

1144 3749 1450 3830 circum
1526 3775 1822 3830 coxam
1897 3749 2291 3831 coniectis
2365 3749 2697 3847 cinctaS,
2766 3777 2908 3831 cu-

1146 3913 1413 3995 cullos
1470 3913 1897 3994 variorum
1952 3913 2330 3995 colorum
2398 3913 2909 4025 depingeret,

1145 4092 1366 4161 certe
1439 4078 1875 4160 hominum
1951 4079 2460 4189 elegantium
2535 4078 2910 4161 habitum

1146 4272 1302 4326 sua
1374 4258 1643 4327 aetate
1720 4244 2229 4327 cotidianum
2307 4245 2601 4326 imitari
2668 4247 2912 4328 volu-

1149 4413 1313 4493 isse
1378 4411 1914 4492 statuendum
1981 4422 2127 4492 est.

1302 4577 1666 4687 Optimis
1772 4576 2528 4686 compositionibus
2631 4588 2913 4660 autem

1150 4743 1783 4825 adnumeranda
1841 4754 1969 4824 est
2022 4743 2340 4853 pictura
2396 4743 2776 4824 Danielis
2834 4744 2914 4824 in

1153 4909 1337 4991 lacu
1403 4909 1746 4990 leonum
1812 4936 2002 5019 pag.
2052 4910 2166 4990 63
2209 4937 2283 4989 ν.
2392 4908 2623 4991 Belle
2691 4909 2914 4990 enim

1152 5075 1451 5184 depicti
1544 5087 1740 5156 sunt
1830 5074 2243 5184 propheta
2333 5075 2472 5183 qui
2567 5075 2646 5156 in
2731 5075 2915 5157 lacu

1151 5240 1490 5349 cingulo
1582 5251 1908 5322 tantum
1999 5253 2243 5323 tenus
2334 5240 2554 5322 cerni
2637 5252 2919 5351 potest

1152 5433 1516 5515 quocum
1624 5406 1857 5487 radio
1964 5433 2325 5515 superne
2431 5406 2915 5489 collustrato

1152 5584 1547 5682 quattuor
1599 5572 1889 5654 leones
1935 5599 2126 5654 eum
2178 5571 2643 5655 lambentes
2698 5572 2915 5655 bene

1153 5737 1532 5847 dispositi
1609 5750 1824 5835 sunt,
1911 5765 2066 5819 nec
2137 5765 2307 5818 non
2383 5739 2694 5820 Darius
2772 5766 2917 5820 rex

1151 5931 1554 5986 coronam
1630 5905 1711 5985 in
1786 5904 1953 5986 lilia
2026 5917 2471 5987 exeuntem
2545 5918 2913 6016 gestans,

1152 6071 1293 6180 qui
1359 6097 1549 6152 cum
1614 6071 2012 6152 comitatu
2078 6071 2394 6153 accedit
2456 6071 2918 6154 admirans-

3115 959 3279 1043 que
3353 931 3694 1013 asseclis
3769 954 3986 1039 quae
4063 927 4142 1008 in
4218 927 4402 1008 lacu
4476 937 4880 1036 geruntur

3116 1099 3660 1180 demonstrat.

3266 1264 3574 1344 Parum
3632 1287 3837 1343 vero
3904 1259 4315 1369 processit
4380 1258 4698 1367 pictura
4761 1257 4880 1338 la-

3116 1429 3477 1512 vationis
3523 1427 3835 1538 pedum
3881 1451 4071 1536 pag.
4108 1425 4246 1507 83.
4313 1425 4639 1506 Omnes
4682 1451 4884 1533 apo·

3115 1596 3307 1678 stoli
3391 1607 3652 1690 stant;
3738 1594 4034 1675 Petrus
4116 1592 4502 1673 dextrum
4575 1590 4881 1700 pedem

3119 1761 3522 1845 nudatum
3610 1761 3690 1841 in
3775 1785 3925 1840 vas
4016 1757 4287 1839 calicis
4369 1756 4637 1838 forma
4717 1756 4884 1837 fac-

3120 1942 3299 2010 tum
3374 1926 3749 2037 imponit,
3826 1924 3934 2005 ad
4002 1923 4234 2034 quod
4301 1922 4726 2004 Dominus
4791 1948 4886 2003 se

3120 2093 3494 2176 demittit.

3273 2256 3892 2368 Depingendae
3998 2254 4576 2336 resurrectioni
4691 2279 4881 2362 pag.

3120 2451 3235 2530 99
3280 2454 3336 2506 v
3422 2436 3504 2506 et
3584 2420 4145 2531 Magdalenae
4227 2420 4333 2502 ad
4407 2419 4884 2529 sepulcrum

3119 2619 3309 2702 pag.
3401 2591 3571 2671 103
3673 2601 3846 2670 tam
3946 2587 4300 2696 pusillae
4403 2613 4647 2669 areae
4756 2614 4885 2669 re-

3119 2758 3357 2839 lictae
3442 2768 3707 2852 erant‚
3809 2768 3898 2837 ut
3979 2755 4247 2864 pictor
4328 2754 4564 2863 quasi
4649 2780 4884 2834 com-

3120 2922 3518 3033 pendium
3641 2934 3966 3004 tantum
4098 2920 4534 3001 solitarum
4652 2945 4885 2999 com-

3121 3089 3634 3198 positionum
3743 3087 4148 3197 praebere
4252 3097 4566 3196 posset,
4673 3085 4890 3165 sicut

3122 3254 3590 3335 Dominum
3647 3280 3838 3335 cum
3894 3252 4207 3334 vexillo
4254 3250 4652 3333 victoriae
4709 3250 4888 3331 iux-

3120 3433 3372 3530 taque
3443 3419 3775 3501 turbam
3849 3417 4318 3515 custodum,
4396 3417 4536 3527 qui
4601 3414 4887 3526 capiti-

3121 3585 3280 3667 bus
3344 3585 3935 3668 tantummodo
3991 3582 4428 3694 significati
4494 3594 4708 3680 sunt,
4778 3581 4889 3663 ita

3123 3752 3719 3862 Magdalenam
3793 3751 3901 3832 ad
3966 3750 4585 3860 sarcophagum
4649 3749 4888 3858 geni-

3126 3917 3285 3999 bus
3352 3919 3652 4014 nixam,
3729 3917 3890 3999 sub
3955 3943 4125 4027 quo
4192 3916 4674 4026 semifigura
4738 3942 4887 3996 an-

3126 4083 3292 4192 geli
3358 4096 3724 4193 apparet.

3273 4250 3364 4329 In
3410 4249 3737 4330 caelum
3782 4247 4294 4330 ascensionis
4337 4247 4656 4358 pictura
4699 4274 4886 4357 pag.

3141 4438 3303 4518 109
3358 4414 3604 4523 plane
3657 4413 3953 4495 rationi
4006 4413 4352 4496 traditae
4413 4414 4886 4523 respondet.

3128 4580 3534 4689 Superior
3609 4579 4031 4661 Dominus
4105 4580 4186 4660 in
4260 4579 4553 4689 clipe0,
4638 4579 4776 4689 qui
4844 4607 4892 4660 a

3128 4773 3276 4828 sex
3331 4746 3675 4856 angeliS,
3744 4772 4106 4855 quorum
4171 4757 4511 4856 pectora
4566 4759 4890 4829 tantum

3124 4913 3768 5022 conspiciuntur,
3836 4925 4232 5023 portatur,
4303 4912 4634 4994 inferior
4696 4912 4889 4993 Vir-

3127 5106 3243 5189 go
3312 5106 3563 5161 orans
3628 5080 3840 5160 inter
3902 5078 4363 5189 apostolos.

3279 5244 3594 5326 Artifici
3652 5271 3906 5325 manu
3973 5243 4258 5354 imago
4326 5243 4632 5325 missae
4695 5270 4887 5353 pag.

4221 5410 4304 5490 A
4387 5409 4679 5492 dextra
4764 5422 4891 5491 est

3130 5603 3422 5656 mensa
3474 5575 3633 5664 sub
3690 5573 4018 5657 rubenti
4072 5575 4415 5657 ciborio,
4510 5577 4602 5656 In
4660 5603 4891 5658 men-

3143 5410 3315 5491 136
3397 5409 3869 5519 composita
3951 5422 4099 5491 est.

3129 5769 3245 5838 sa,
3321 5769 3535 5851 quae
3606 5752 4106 5851 tegumento
4181 5742 4433 5823 rubro
4509 5753 4590 5823 et
4664 5743 4888 5824 flavo

3129 5908 3410 5989 colore
3468 5908 3797 6019 virgato
3856 5907 4361 6018 insuperque
4427 5908 4623 5990 albo
4682 5936 4891 6018 pan-

3130 6101 3264 6169 n0,
3313 6073 3439 6154 cui
3488 6073 3734 6155 ruber
3778 6086 3861 6155 et
3904 6073 4189 6155 viridis
4234 6073 4562 6156 colores
4610 6073 4888 6156 intexti
