5559 7392
1247 3438 1610 3520 Missalis
1634 3437 1997 3519 Romani
2020 3438 2496 3520 versionem

1152 3602 1884 3713 palaeoslovenico
1934 3650 1971 3664 -
2018 3603 2493 3700 croaticam‚

1153 3768 1524 3849 codicem
1550 3768 2278 3850 membranaceum
2302 3769 2496 3850 cha-

1155 3933 1604 4015 racteribus
1656 3933 2154 4045 glagoliticis
2209 3961 2496 4016 exara-

1229 4110 1428 4195 tum,
1508 4125 1697 4180 cum
1764 4099 2496 4209 Constantinopoli

1315 4264 1392 4344 in
1422 4292 1634 4375 gaza
1648 4265 2254 4378 imperatorum
2277 4267 2496 4347 Tur-

1318 4431 1514 4528 ciae,
1557 4458 1772 4541 quae
1803 4431 2026 4513 Aula
2068 4459 2219 4513 seu
2257 4431 2496 4513 Pala-

1319 4597 1524 4678 tium
1597 4611 1840 4679 vetus
1924 4596 2157 4707 (Eski
2231 4595 2494 4707 Serai)

1317 4761 1809 4871 appellatur,
1903 4789 2235 4844 summa
2316 4763 2495 4844 dili-

1267 4906 1272 4911 ’
1314 4928 1596 5039 gentia
1678 4928 1987 5009 servari
2062 4956 2494 5039 compere-

1317 5095 1449 5192 ris,
1502 5094 1762 5176 lector
1804 5094 2495 5177 benevolentissi-

1041 5365 1051 5375 ,
1086 5325 1130 5375 3,
1317 5288 1475 5359 me,
1572 5260 1876 5371 quibus
1980 5261 2164 5342 fatis
2267 5261 2491 5359 liber,

939 5328 1038 5391 Fig

1183 5427 1417 5509 cuius
1470 5426 1821 5535 patriam
1877 5425 1957 5507 in
2012 5425 2496 5537 regionibus

862 5592 1228 5674 Hadriae
1306 5619 1492 5674 esse
1568 5605 1984 5691 autumeS,
2084 5592 2190 5673 ad
2271 5594 2496 5673 Pon-

858 5772 1036 5840 tum
1110 5757 1533 5839 Euxinum
1615 5757 1965 5839 reiectus
2039 5757 2164 5853 sit,
2240 5783 2496 5867 quae-

861 6102 987 6171 est
1047 6090 1266 6172 vitae
1330 6115 1773 6199 rerumque
1825 6100 2254 6198 gestarum
2305 6114 2497 6197 spe-

858 5950 1011 6005 res.
1118 5924 1293 6005 Sed
1368 5922 1731 6022 historia,
1808 5949 2024 6033 quae
2100 5922 2507 6033 magistra¹

2522 1433 2683 1513 DE

691 1667 1523 1969 MlssALI
1629 1798 3243 1969 omoom‘slco
3349 1802 4522 1969 HERvolAE

1409 2246 2618 2352 COMMENTATIO
2710 2246 3809 2352 PHILOLOGICA.

2337 2934 2751 3015 CAPUT
2821 2934 2872 3014 Ι.

1921 3152 2190 3244 Fata
2257 3153 2639 3244 codicis
2702 3159 3290 3245 narrantur.

2708 3437 3010 3537 culum,
3064 3438 3295 3550 facile
3348 3438 3492 3521 tibi
3546 3438 3626 3519 in
3682 3438 4171 3520 memoriam
4225 3466 4470 3520 revo-

2709 3604 2947 3701 cabit,
3014 3604 3334 3714 opinor,
3403 3590 3591 3686 inde
3643 3632 3693 3685 a
3745 3604 4081 3686 saeculo
4144 3604 4470 3687 decimo

2710 3783 3005 3879 quarto
3058 3782 3437 3867 exeunte,
3492 3769 3965 3879 provincias
4019 3769 4470 3852 Slavorum

2711 3934 3374 4016 meridionalium
3415 3962 3820 4045 persaepe
3862 3935 4472 4017 incursionibus

2708 4101 3170 4182 Turcarum
3223 4100 3667 4197 infestatas,
3726 4100 4035 4182 multos
4088 4100 4473 4182 homines

2708 4267 2791 4349 in
2836 4267 3322 4349 servitutem
3373 4265 3804 4364 abduct05‚
3860 4265 4133 4347 varias
4187 4266 4472 4376 magni

2708 4434 2945 4544 pretii
3020 4460 3153 4515 res
3217 4432 3585 4542 undique
3651 4444 4074 4541 correptas
4149 4431 4228 4512 in
4293 4430 4472 4513 the-

2707 4626 3005 4681 sauros
3085 4612 3227 4680 aut
3310 4598 3623 4680 aeraria
3699 4589 4473 4706 Constantinopoli-

2706 4778 2903 4847 tana
2954 4765 3350 4876 praedam
3402 4776 3870 4873 asportatas
3922 4789 4133 4844 esse.
4227 4762 4472 4843 Eius-

2709 4930 2938 5011 modi
2985 4929 3570 5041 migrationem
3611 4928 3860 5010 etiam
3905 4941 4285 5009 nostrum
4329 4953 4473 5007 co-

2708 5095 2978 5176 dicem
3050 5120 3542 5204 perpessum
3617 5120 3802 5175 esse
3875 5106 4099 5174 certo
4173 5091 4472 5174 certius

2710 5273 2856 5358 est,
2933 5259 3083 5342 sed
3147 5286 3317 5369 quo
3383 5273 3762 5369 tempore
3829 5258 3908 5339 id
3974 5258 4280 5340 factum
4344 5257 4469 5355 sit,

2709 5425 3236 5508 determinari
3313 5423 3620 5534 nequit.
3737 5424 3957 5505 Sunt
4028 5423 4166 5533 qui
4242 5423 4472 5504 codi-

2660 5598 2891 5672 'cem
2971 5589 3078 5671 ad
3163 5589 3784 5672 celeberrimam
3867 5588 4090 5670 illam
4174 5588 4474 5670 biblio-

2707 5754 3032 5836 thecam
3079 5754 3673 5836 Corvinianam
3719 5754 4241 5835 referendum
4287 5780 4473 5835 esse

2707 5935 2958 6032 atque
3003 5948 3105 6002 ex
3145 5921 3602 6032 Hungaria,
3650 5921 3885 6003 cuius
3930 5947 4237 6031 magna
4281 5946 4473 6028 pars

2709 6086 2910 6167 olim
2941 6085 3097 6168 sub
3127 6098 3538 6195 potestate
3569 6088 4033 6168 Turcarum
4069 6097 4261 6182 erat,
4294 6099 4474 6167 tum

4029 6239 4052 6285 1
